2992 4926
801 196 851 267 24

184 399 327 476 werdere,
349 400 435 462 cond
460 401 510 463 dic
531 409 582 482 top
599 403 673 481 jaer
689 395 884 481 pedccbne'iee
903 398 945 458 im
966 395 1116 461 kulertder
1136 393 1326 459 orruermcltt
1349 392 1462 457 blibee.

186 502 233 564 Dr.
257 501 304 562 l’.:
331 539 367 547 -
394 538 431 547 —
454 502 522 565 Dos
547 506 627 565 oncle
648 510 703 564 orit
725 502 956 581 ‹listerwem'per
977 503 1008 561 io
1032 501 1090 562 der
1108 496 1241 562 Wocben
1259 498 1357 560 semol
1376 496 1464 559 οἰκία

185 607 236 668 ein
254 604 369 686 Predip
387 604 450 667 ond
468 609 588 686 perseia
610 606 720 668 cebdtt
741 605 795 685 fiir
816 604 894 664 oller
915 599 1045 683 Antipera
1068 601 1126 663 der
1141 600 1270 663 litlebec
1286 599 1392 662 Gotter
1408 618 1460 679 pe-

183 706 288 769 ·boltcrt
309 708 423 769 werde.
467 704 639 789 Dercplyeb
667 708 717 769 die
743 704 807 786 Tap
837 707 896 767 der
917 706 1056 785 tepttpee
1076 701 1224 784 Apostles
1250 702 1316 766 ond
1343 703 1464 765 aeden

185 811 242 872 soie
263 829 299 890 cp
321 828 379 872 oon
400 828 515 872 ansero
537 809 659 873 Horren
688 810 846 887 beatimpt,
872 809 925 870 mit
950 805 1092 886 Prcdpca
1117 808 1176 869 wie
1200 824 1259 868 eoo
1286 802 1377 866 Alter
1403 804 1462 866 lter

186 912 350 975 oeredltco.
372 912 395 992 ¹)

271 1013 346 1074 Sane
365 1030 437 1075 vcro
456 1013 522 1074 illae
546 1014 714 1075 Sanctomm
735 1013 888 1072 memoriae
910 1009 946 1071 ab
962 1009 1146 1073 Delonnatae
1166 1009 1311 1072 ecclesiae
1333 1009 1459 1089 ingenio,

186 1114 265 1197 quod
285 1115 408 1176 subinde
429 1113 533 1175 clarius
549 1116 659 1191 illuxit,
689 1125 746 1175 tam
766 1112 859 1175 aliena
877 1113 1062 1191 videbantur,
1091 1122 1121 1174 ut
1149 1132 1216 1175 mon
1236 1112 1374 1174 radicitus
1396 1111 1460 1173 sub·

184 1219 240 1279 lata
254 1217 318 1281 sint.
339 1216 376 1278 tlt
387 1220 521 1279 remansit
533 1219 669 1279 ecclesiis
683 1218 855 1293 reformatis,
873 1234 946 1295 quac
959 1214 1127 1276 Germanico
1143 1232 1194 1276 orc
1205 1214 1377 1294 loquuntur,
1394 1212 1460 1274 illod

187 1321 351 1401 proprium,
382 1326 412 1377 ut
436 1328 551 1399 praeter
571 1320 735 1381 Dominicas
757 1318 928 1379 festivitates
957 1317 1093 1396 quasdam
1116 1318 1263 1397 primarias
1283 1314 1461 1377 celebrarent

186 1421 289 1497 diebm
314 1421 463 1500 protestis.
509 1421 551 1483 Pi.
580 1422 609 1485 1.
642 1431 786 1484 enumerat
814 1419 994 1481 Nativitatem
1025 1418 1138 1479 Domini
1170 1436 1234 1478 cum
1266 1417 1460 1497 subsequente

185 1524 276 1602 ionia,
314 1522 566 1585 circumcisionem
594 1524 698 1604 („dcn
716 1523 877 1604 lanstag“)
899 1521 1010 1582 Feriam
1037 1521 1183 1582 Paschatis
1214 1529 1243 1581 et
1275 1518 1460 1581 Pentecosten

187 1624 368 1702 Secundam,
397 1625 604 1687 decensionem
624 1627 748 1688 Domini.
795 1625 945 1686 Consentit
962 1621 995 1685 Τ.
1018 1625 1056 1684 ita
1076 1632 1170 1683 tamen
1192 1631 1223 1682 ut
1243 1623 1361 1683 summis
1383 1620 1459 1683 testi

185 1728 320 1788 vitatibus
342 1736 401 1787 tres
422 1728 561 1788 concedat
578 1728 675 1788 terias.
719 1727 905 1805 Dreyhauptii
930 1733 1024 1786 aetate
1044 1725 1171 1786 ccclesia
1190 1722 1356 1786 Deformate
1382 1723 1457 1784 urbis

185 1827 319 1890 llalensis
339 1826 506 1890 Germanica
530 1830 686 1908 peragebat
713 1848 834 1890 summas
865 1828 1060 1889 sollennitates
1086 1827 1175 1888 tribus
1199 1828 1280 1889 feriis
1300 1834 1457 1906 praetereo,

188 1928 459 2007 circumcisionem,
489 1929 695 2011 Epiphaniam,
729 1932 841 1993 Feriam
871 1930 898 1988 V
926 1932 954 1990 in
988 1947 1079 1990 coena
1105 1929 1238 2006 Domini,
1272 1928 1456 2007 Parasceren,

185 2033 403 2096 decensionem.
440 2031 546 2095 Contra
567 2034 696 2096 eiusdem
717 2037 839 2096 civitatis
862 2032 1006 2094 ecclesiae
1029 2031 1212 2093 {deformatae
1231 2030 1361 2093 Gallicae
1383 2032 1457 2093 satie·

186 2135 318 2196 iccemnt
331 2133 459 2212 Pascha,
475 2133 664 2214 Pentecoste,
680 2137 831 2213 Nativitas,
849 2133 1048 2211 circumcisio,
1064 2132 1234 2211 Parasceve,
1249 2132 1441 2215 Ascensio.¹)

271 2234 331 2296 lam
349 2234 505 2313 intelligis,
530 2235 671 2297 ecclesias
692 2239 875 2298 Refomratas
898 2236 1039 2314 Gallicas,
1063 2238 1175 2297 omnino
1195 2255 1268 2315 quae
1288 2253 1326 2296 ex
1347 2234 1457 2297 calvino

189 2335 294 2399 ducunt
315 2338 471 2416 originem,
502 2339 650 2417 parciores
676 2340 767 2401 luisse
795 2339 930 2401 infestis
961 2337 1148 2399 celebrandis.
1191 2335 1353 2398 Evasenmt
1373 2347 1458 2400 mmcd

188 2439 264 2520 apud
279 2438 413 2519 plurimas
430 2439 540 2501 cladem
555 2440 710 2521 Nativitas,
737 2442 913 2518 Parasoeve,
935 2440 1096 2516 Ascensio,
1120 2438 1309 2499 circumcisio
1324 2438 1374 2500 vel
1390 2438 1458 2501 Nori

189 2539 262 2603 Anni
283 2540 394 2602 Natale.
411 2542 441 2623 ³)
484 2541 522 2602 dt
542 2561 614 2603 vero
635 2545 688 2605 hae
718 2564 835 2626 quoque
856 2542 1054 2605 sollennitates
1076 2549 1159 2602 acuto
1179 2541 1276 2627 gladio
1296 2541 1459 2606 videbantur

278 2782 308 2861 1)
331 2785 413 2841 lmmc
429 2786 567 2843 Declarat.
586 2787 704 2846 'lborun
720 2789 751 2851 Ν,
768 2807 793 2862 p.
808 2789 870 2845 678.
886 2789 951 2847 iacit
966 2790 991 2844 in
1009 2789 1099 2861 capite
1115 2790 1149 2846 de
1166 2791 1242 2849 festis
1257 2810 1318 2852 com
1333 2796 1459 2854 luthero:

192 2868 261 2938 Quin
279 2877 307 2925 ct
327 2869 387 2927 dies
409 2871 540 2942 quosdam
556 2873 716 2931 Sanctorum
738 2875 885 2933 memoriae
907 2877 1030 2945 dicatos,
1055 2882 1083 2930 ut
1098 2876 1197 2932 Deatae
1211 2877 1312 2937 lloriee
1329 2882 1459 2957 Virginis,

191 2953 332 3013 blicbealis
347 2956 516 3028 Archangeli
533 2965 560 3015 et
575 2959 790 3032 Apostolorum,
815 2960 930 3018 feriatos
946 2960 1052 3031 agimus
1066 2977 1122 3017 non
1137 2962 1170 3018 ad
1186 2964 1285 3020 cultam
1302 2966 1459 3039 religiosum

191 3040 315 3115 ipsismet
327 3049 355 3097 et
368 3043 481 3115 proprie
497 3045 693 3116 exldbeodum,
709 3046 757 3103 sad
774 3054 803 3102 ut
819 3049 935 3119 gratiam
950 3048 1000 3103 Dei
1016 3046 1072 3104 illis
1091 3054 1136 3103 aut
1151 3064 1201 3121 per
1214 3049 1280 3107 illos
1294 3054 1460 3125 praestitam,

191 3133 271 3198 grate
292 3129 551 3186 commemoratione
575 3132 744 3190 celebremus
767 3149 872 3205 nosque
893 3135 971 3206 ipsos
990 3134 1024 3190 ad
1047 3134 1195 3191 eorundem
1215 3135 1395 3197 imitationem
1416 3156 1459 3197 ex·

194 3213 316 3270 citemus.

276 3295 307 3373 D)
322 3299 398 3356 Haud
413 3309 492 3357 curet
505 3317 602 3358 errore
618 3301 690 3373 quod
705 3311 799 3361 narrat
814 3305 975 3363 ltlielothius
992 3305 1011 3366 l.
1026 3323 1050 3365 c.
1068 3324 1095 3380 p.
1109 3304 1159 3361 38:
1178 3306 1250 3377 „Die
1267 3325 1356 3381 genae
1370 3311 1459 3371 reior-

194 3383 276 3441 mirte
288 3384 390 3441 llircbe
405 3385 454 3442 der
469 3387 594 3443 Schwein
609 3386 662 3442 ond
675 3389 872 3448 Deutscblands
887 3392 1042 3448 bestimmen
1061 3408 1154 3448 ausser
1169 3392 1220 3448 den
1236 3392 1398 3470 Sountegen
1412 3414 1458 3457 not

192 3469 376 3545 Weibuoclrt,
401 3472 517 3540 Ostarn,
535 3473 720 3529 llimmellabrt
734 3477 788 3532 und
805 3477 953 3548 Pingsten.
987 3477 1066 3533 Nicht
1084 3478 1183 3534 eiomel
1198 3478 1381 3554 cbarireiteg.
1412 3482 1459 3545 Die

193 3556 356 3613 cassclsobe
380 3557 426 3612 bat
447 3559 520 3614 nicht
541 3558 638 3614 aiumel
658 3559 853 3618 llimnreliabrt.
897 3564 1027 3634 Dagegen
1049 3563 1151 3621 kommt
1169 3581 1244 3621 ewer
1259 3567 1379 3642 Nouiabr
1401 3586 1458 3643 vor,

192 3641 259 3697 eber
274 3643 366 3713 nicht,
392 3643 446 3699 wie
461 3645 488 3699 in
504 3643 574 3700 elleu
591 3644 693 3700 andern
710 3646 844 3718 llircben,
863 3648 904 3704 als
922 3648 970 3705 das
985 3649 1050 3704 test
1065 3649 1115 3705 der
1129 3649 1336 3727 Descbueidung
1350 3656 1459 3727 cbristi,

192 3726 311 3784 sondern
329 3728 369 3784 als
384 3729 547 3801 „Neujulnr“
561 3731 629 3787 oder
644 3731 684 3786 als
698 3733 882 3805 „Jebrstag“.
909 3735 986 3792 Aucb
1003 3735 1075 3791 wind
1089 3736 1132 3791 fiir
1147 3735 1223 3793 diese
1238 3739 1320 3796 Destc
1334 3758 1386 3798 nur
1400 3743 1460 3801 eine

191 3808 332 3882 einttgige
354 3815 433 3872 Deier
452 3814 604 3887 geordnet‚
628 3816 691 3872 weil
715 3820 833 3893 Zwingli
853 3821 906 3876 und
929 3821 1022 3877 Calvio
1046 3821 1109 3880 eine
1130 3820 1225 3879 solcbe
1249 3824 1292 3881 ltir
1313 3828 1460 3901 gendgend

192 3895 328 3952 bielten.“
359 3899 473 3958 Dmoino
489 3901 535 3956 lis.
555 3902 666 3971 „omniu
679 3904 748 3962 leste
763 3908 922 3963 Sanctorum
939 3914 966 3963 et
980 3908 1078 3964 abusus
1094 3907 1220 3965 feriarum
1239 3911 1371 3984 abrogari
1387 3915 1462 3973 iubet

194 3987 221 4037 et
237 3980 316 4036 solos
330 3980 479 4043 dominicos
501 3985 560 4045 dies
576 3993 604 4043 ut
624 3988 693 4045 leste
715 3991 814 4048 christi
834 3991 968 4048 rotineri“
988 4025 1023 4033 —
1042 4000 1069 4049 at
1088 3993 1188 4066 pendet
1207 3996 1256 4053 ille
1275 3997 1347 4057 liber
1360 3999 1396 4058 ab
1412 4017 1461 4059 ore

193 4064 297 4136 Synodi
309 4065 564 4146 lliddelburgensis,
584 4075 676 4145 itaque
692 4092 745 4130 noo
756 4078 850 4132 mirum
865 4084 916 4148 ost,
934 4078 1006 4150 quod
1018 4079 1050 4134 ab
1064 4078 1256 4139 Germanorum
1271 4085 1380 4145 recedit
1394 4104 1462 4146 oco·

194 4151 347 4213 suetudine.
390 4155 482 4214 Adeas
496 4159 573 4217 Doni.
589 4158 666 4216 llelr.
684 4161 755 4221 Post.
772 4161 803 4221 N.
820 4179 847 4233 p.
860 4163 919 4220 526.

276 4235 309 4314 3)
334 4237 470 4312 camberg
484 4242 502 4299 Ι.
518 4262 543 4304 c.
558 4263 583 4317 p.
601 4243 665 4300 lli:
695 4246 733 4302 zu
754 4246 864 4303 caleias
883 4248 943 4306 Zeit
965 4248 1063 4306 teierte
1083 4250 1128 4306 die
1143 4252 1243 4310 center
1259 4253 1361 4314 llirobe
1385 4259 1462 4318 bloae

193 4323 246 4380 den
272 4330 362 4381 ersten
383 4327 579 4383 Weibnaclrts-
600 4330 654 4387 und
675 4331 803 4404 Detertog
825 4334 911 4390 dnrclr
934 4335 1126 4406 communion;
1146 4338 1216 4410 jetut
1230 4340 1333 4414 begcbt
1351 4344 1394 4403 sie
1412 4346 1462 4403 des

192 4410 425 4468 Weibnecbtstest
439 4412 486 4468 mit
501 4413 533 4482 2,
556 4413 604 4471 das
621 4416 875 4476 llimmcliebrtslcot
891 4421 937 4478 mit
949 4422 1036 4476 eincm
1052 4421 1239 4481 cottesdienst
1256 4458 1291 4469 -
1309 4429 1360 4488 der
1376 4432 1463 4492 Cber-

194 4495 296 4568 treiteg
312 4496 398 4554 blaibt
412 4498 582 4557 nubeacbtet.
613 4501 662 4559 tib.
678 4513 872 4565 commemorat
891 4507 1055 4567 testivitates
1070 4525 1151 4582 supra
1166 4511 1279 4585 positas.
