2992 4926
783 222 859 293 114

267 427 432 502 Wellond
455 430 508 521 jr,
537 429 616 503 dass
644 428 704 503 das
731 425 812 498 kind
839 425 975 521 getoult
1001 422 1128 498 word?

270 546 456 609 Autwurtend
478 546 526 608 die
548 548 689 626 gottineu:
725 529 775 604 Ja.

271 651 386 732 spricht
408 649 459 711 dsr
477 648 603 711 Dtener:
639 633 807 707 Nenuend
829 633 890 708 das
911 633 1002 707 kind.

271 751 439 835 Sprecheud
461 751 508 813 die
530 753 673 832 gdttineu:
710 735 751 809 N.

271 857 387 937 Sprioht
408 858 460 920 der
479 858 601 921 Bienor:
642 838 683 912 N.
708 840 768 912 loh
795 840 874 913 toul
893 839 970 912 dich
993 842 1028 910 in
1054 835 1121 909 den
1143 833 1278 908 Names
1303 830 1364 907 des
1386 826 1436 901 la

184 953 256 1019 teus
282 946 350 1018 und
378 947 439 1018 des
462 945 553 1022 Suus
574 944 642 1018 und
666 941 727 1016 des
756 943 907 1038 heiligen
929 941 1076 1016 Geistes.

269 1061 312 1124 Zu
331 1062 396 1125 dcm
417 1060 682 1145 woserhsmd21)

270 1164 352 1240 Gott
374 1166 522 1262 verlych
549 1166 622 1254 dir,
654 1165 733 1238 dass
759 1164 830 1236 wie
852 1161 897 1233 du
926 1163 993 1233 istu
1017 1161 1076 1231 mit
1102 1152 1179 1229 dem
1202 1172 1349 1253 wysson
1366 1150 1439 1227 lrlcil

185 1267 325 1341 leilolich
348 1291 553 1362 angenogen
576 1270 697 1355 wirst,
724 1268 800 1339 also
824 1287 878 1336 am
901 1268 1066 1358 jungsten
1087 1271 1148 1354 teg
1171 1263 1233 1333 mit
1259 1258 1375 1331 reiuer
1394 1274 1441 1327 r}

186 1381 426 1464 vermasgeter
452 1373 636 1444 consciens
661 1390 727 1441 vor
745 1371 796 1461 jm
823 1364 1035 1462 erschynist,
1062 1364 1186 1436 Amen.

270 1471 344 1545 Der
361 1470 452 1545 lierr
475 1494 541 1569 spe
567 1475 627 1543 mit
652 1470 737 1542 aoht
790 1468 891 1542 Gond
916 1468 974 1540 hin
993 1471 1038 1539 im
1060 1464 1192 1539 iridenl

722 1728 929 1741 -n————-

430 1955 467 2030 0.
520 1957 585 2031 EX
612 1958 911 2037 cntsscfflssto
934 1956 1207 2034 GENEVENSI.

271 2140 303 2204 lu
325 2143 423 2224 primis
444 2141 515 2203 illud
534 2147 612 2205 scire
633 2154 765 2226 oportet,
788 2146 983 2227 apportandus
1001 2164 1071 2208 esse
1090 2144 1212 2207 inianter
1234 2140 1273 2203 ad
1289 2138 1449 2221 Raptim!

186 2255 235 2307 aut
258 2244 418 2306 Dominicis
444 2243 545 2306 diebus
575 2244 749 2308 Gateciaismi
779 2257 911 2329 tempore
938 2256 986 2309 aut
1013 2247 1077 2309 aliis
1098 2244 1201 2305 diebus
1222 2241 1260 2303 ad
1280 2240 1449 2315 cosmum,

186 2355 234 2424 ut,
258 2344 494 2427 quemadmodum
515 2345 680 2428 Baptismus
699 2347 827 2410 solennis
846 2348 985 2430 quaedam
1006 2356 1052 2410 est
1070 2346 1219 2427 cooptatio
1240 2344 1270 2405 in
1288 2340 1451 2417 sarain,

186 2450 226 2511 ita
248 2448 278 2509 iu
300 2455 460 2528 conspectu
482 2456 512 2508 et
534 2448 628 2510 oculis
649 2452 736 2511 totius
758 2452 906 2513 concionis
929 2448 1105 2513 celebretur.
1118 2448 1152 2531 ¹)

183 2594 395 2605 ———

273 2669 303 2749 1)
321 2671 382 2728 zur.
395 2673 456 2731 52&
475 2674 540 2730 zum
555 2674 641 2733 ilemd
655 2675 770 2747 sprecire
789 2690 833 2730 er:
855 2702 899 2715 -
909 2671 1062 2731 Admodum
1074 2669 1157 2727 nobis
1169 2669 1264 2745 placet
1281 2668 1365 2727 attae
1377 2664 1454 2727 rests

187 2755 215 2813 in
237 2754 374 2830 baptismo
395 2759 656 2817 caerimonia:=sed
681 2767 795 2833 quaeret
813 2759 933 2817 tortasse
955 2758 1088 2829 Cinqiium
1108 2755 1257 2829 quispiam,
1280 2752 1455 2815 conveniatne

187 2858 249 2899 cum
264 2842 392 2899 laudabili
408 2844 461 2901 ritu
476 2846 648 2921 perspicuum
665 2862 761 2902 sacrae
776 2846 927 2918 scripturae
942 2843 1135 2901 testimonium.

272 2940 304 3021 2)
320 2944 387 3001 (iuli.
402 2945 502 3003 omittit
517 2946 733 3003 Catoclrismi
747 2953 908 3021 tempore
920 2975 964 2987 —
976 2946 1012 3003 Ut
1026 2943 1188 3017 disciplinae
1203 2942 1381 3001 deierantes
1392 2940 1456 2999 ralit

188 3030 323 3104 postulat,
345 3029 495 3103 baptismus
511 3046 620 3105 semper
635 3031 816 3089 administrari
833 3033 916 3089 debet
931 3048 1024 3089 coram
1046 3028 1116 3087 lacis
1130 3028 1270 3087 ecclesias
1284 3042 1376 3103 usque
1392 3026 1456 3085 teter

188 3115 312 3189 privatos
329 3116 459 3187 parietes.
503 3118 547 3175 tt:
567 3119 619 3189 „ln
635 3117 773 3190 Baptisnso
787 3118 816 3174 id
830 3124 942 3174 cauetur
957 3116 1098 3192 imprium,
1120 3132 1156 3171 rra
1177 3114 1243 3172 alibi
1256 3128 1339 3189 φιιι
1358 3114 1388 3171 ln
1408 3110 1456 3169 Bt·

189 3200 274 3257 clesia
291 3200 472 3273 ministretur,
496 3202 556 3258 dum
576 3204 634 3276 ipsa
657 3203 786 3259 conuenit
805 3203 840 3260 ad
861 3203 1023 3260 audiendum
1041 3201 1152 3259 uerbum
1168 3200 1227 3259 ttei.
1273 3198 1372 3257 onnia
1392 3195 1455 3255 enh

189 3284 290 3361 (iuquit
304 3285 468 3365 Apostolus)
483 3289 570 3343 uerbo
586 3289 635 3345 Dei
650 3289 861 3351 sanctificantur.
903 3289 1010 3357 Quanto
1024 3288 1109 3360 igitur
1125 3286 1213 3359 magis
1226 3290 1401 3343 sementa
1412 3280 1455 3339 ad-

189 3370 344 3427 ministrare
361 3378 472 3446 oportet
488 3390 546 3429 com
563 3375 663 3445 uerbo,
687 3389 741 3445 quo
760 3374 819 3431 siue
841 3372 906 3430 nihil
926 3368 1010 3431 sunt?
1041 3370 1179 3446 Siquidem
1199 3372 1260 3445 ipsc
1281 3366 1409 3427 Christus
1422 3367 1453 3423 itt

189 3455 271 3514 ctiam
282 3457 376 3528 jubet,
400 3455 519 3514 Coenam
538 3457 598 3514 deri
614 3456 641 3514 iu
657 3458 697 3515 sui
713 3460 887 3529 memoriam,
909 3458 937 3514 id
954 3459 1027 3532 quod
1042 3454 1195 3532 Apostolus
1208 3454 1376 3531 praedicare
1389 3468 1454 3511 mor

189 3550 244 3601 tem
258 3542 344 3615 ipsius
359 3542 568 3615 interpretatur:
583 3544 691 3616 quando
709 3550 797 3600 autem
816 3545 947 3618 baptisma
962 3543 1093 3614 instituit,
1109 3542 1212 3599 diserte
1227 3540 1367 3615 praecipit
1383 3550 1455 3613 pnt-

188 3628 282 3685 dicare
296 3627 489 3701 Euangeliou,
512 3644 544 3683 eo
565 3628 681 3701 proinde
702 3645 757 3685 uon
779 3631 843 3687 alibi
868 3646 947 3703 quarn
968 3630 996 3685 in
1014 3628 1138 3685 Ecclesia
1162 3633 1189 3684 et
1211 3632 1277 3700 post
1299 3623 1454 3683 aonam·

190 3714 268 3769 uerbi
282 3715 330 3770 Dei
345 3714 474 3774 habitam.
505 3713 575 3782 Quid
591 3715 661 3770 enim
677 3715 749 3771 aliud
765 3722 808 3771 est
821 3715 973 3788 Baptismus
989 3730 1067 3787 quam
1084 3718 1300 3770 autoramentum
1316 3706 1453 3785 quattu,

191 3813 245 3869 quo
261 3798 349 3856 inians
364 3799 397 3855 ab
412 3798 536 3856 Ecclesia
556 3799 655 3855 Christi
671 3801 817 3856 membrum
832 3800 1011 3872 agnoscitur,
1028 3798 1161 3871 simulque
1174 3798 1234 3871 ipse
1249 3801 1277 3853 ct
1292 3792 1453 3869 siqnaodu

191 3881 292 3953 accipit
304 3882 439 3957 justitiae,
468 3884 531 3940 lidei
548 3901 581 3941 ac
603 3885 790 3941 renouatioois
812 3902 860 3959 per
878 3885 1029 3955 Christum,
1052 3890 1080 3940 et
1100 3884 1152 3940 toti
1164 3880 1309 3939 Ecclesiae
1325 3892 1453 3939 connu-

190 3963 318 4022 daturi“
362 3968 424 4026 W.:
456 4002 492 4011 -
509 3969 744 4044 „Administretur
763 3976 851 4027 auteur
870 3971 1020 4044 baptismus
1037 3970 1123 4027 lormt
1143 3966 1260 4037 adora,
1282 3972 1313 4023 ct
1329 3965 1357 4029 in
1371 3962 1454 4022 sada

189 4051 308 4109 siastiois
327 4055 566 4113 constitutionibus
583 4071 724 4128 expressa.
767 4055 801 4110 Et
821 4056 928 4127 quidem
951 4071 1006 4111 nou
1029 4054 1112 4123 alibi,
1134 4067 1222 4125 seque
1243 4048 1315 4109 alies
1336 4047 1453 4125 quui·

189 4137 326 4193 ecclesiae
347 4148 481 4198 convento
503 4143 553 4199 soh
575 4140 711 4198 concione
733 4150 760 4198 et
781 4142 955 4198 catechismo.
1003 4140 1059 4197 Nisi
1083 4138 1202 4197 tortasse
1224 4136 1306 4193 initio
1327 4130 1455 4193 muniit

191 4222 326 4279 ecclesias
341 4222 505 4282 intirmorum
520 4225 697 4299 quorumdam
712 4227 845 4282 rationem
861 4226 955 4283 haberi
976 4226 1029 4282 erit
1047 4240 1174 4293 necesse,
1195 4222 1380 4280 otiosorum
1396 4234 1454 4291 gn·

191 4306 255 4362 tiam
273 4306 308 4361 ad
324 4307 477 4364 evitandum
492 4311 647 4367 scandalum
663 4328 764 4384 pucros
779 4311 934 4368 valetudiue
952 4311 1070 4367 sliliotos
1091 4308 1164 4365 domi
1187 4305 1341 4381 baptisare.
1384 4298 1455 4372 Quot

191 4391 278 4465 ipsum
293 4398 382 4450 tameo
398 4408 452 4450 non
467 4396 629 4453 conceditur
642 4397 694 4454 nisi
710 4397 917 4470 praesentibus,
933 4402 963 4452 ut
977 4396 1128 4466 minimum,
1150 4398 1269 4467 quatuor
1282 4396 1333 4450 sat
1346 4390 1456 4467 qrduqut

189 4475 324 4535 ductibus.
352 4478 387 4536 ist
400 4478 508 4551 quidem
522 4482 654 4555 tantisper
668 4482 758 4539 donec
774 4481 878 4553 synodi
893 4482 1008 4538 decreto
1023 4480 1104 4540 aliter
1118 4484 1226 4535 macru
1239 4476 1359 4537 ἰωήν*
1380 4476 1458 4535 hor·
