2992 4926
523 986 996 1112 Phohhdohhdl.

204 1504 349 1568 henricus
367 1506 447 1587 lien,
472 1509 534 1568 eius
560 1509 682 1569 nominis
705 1516 844 1583 octavus,
868 1507 922 1565 etsi
944 1504 1088 1566 Pontihcis
1110 1506 1137 1566 iu
1160 1523 1250 1586 regno
1275 1506 1397 1587 llnghae

133 1606 294 1688 abrogasset
316 1612 529 1689 auctoritatem,
560 1620 653 1671 tamen
681 1608 851 1689 religionem
872 1607 1026 1670 Romanam
1048 1609 1164 1669 teuehat
1194 1608 1338 1669 mordicus
1364 1628 1398 1670 ac

131 1725 230 1772 summa
258 1712 392 1773 tuebatur
420 1714 592 1794 pertinacia,
624 1713 794 1793 gravissime
825 1713 929 1792 punitis
961 1712 1196 1791 quibuscunque,
1226 1714 1273 1791 qui
1301 1721 1399 1773 contra

123 1813 365 1874 machinabantur.
403 1812 516 1876 Etenim
537 1834 662 1876 summus
680 1814 729 1875 ille
748 1831 839 1874 rerum
855 1811 1036 1892 huglicarum
1060 1821 1155 1872 rector
1177 1821 1206 1871 et
1226 1810 1399 1889 moderator,

125 1910 189 1993 ipse
216 1914 369 1994 aliquando
390 1914 585 1978 cantuariensi
613 1915 675 1977 sedi
704 1915 860 1977 destinatus
891 1932 955 1974 cum
983 1912 1018 1973 ad
1040 1912 1183 1973 ecclesiae
1206 1911 1339 1991 dogmata
1365 1931 1399 1973 ao

120 2014 230 2076 cultum
254 2014 379 2077 divinum
403 2017 535 2097 perlecto
563 2017 706 2097 planeque
734 2014 860 2076 eruditus
884 2024 981 2091 esset,
1015 2013 1080 2073 dum
1109 2015 1220 2072 viveret
1251 2011 1398 2074 doctrinae

123 2113 271 2177 Romanae
293 2116 423 2178 addictus
446 2127 521 2196 erat,
545 2136 600 2179 uon
619 2117 711 2179 solum
734 2137 827 2179 rerum
849 2116 1035 2177 Romanarum
1061 2114 1116 2174 tide
1136 2115 1323 2192 constrictus,
1347 2112 1400 2175 sed

125 2217 216 2280 elatos
236 2220 321 2278 etiam
344 2218 515 2280 intolerabili
536 2220 696 2282 scholarum
718 2220 888 2298 arrogantia.
933 2216 1033 2298 ltaque
1060 2217 1149 2277 trihus
1171 2216 1268 2276 verbis
1292 2216 1399 2295 signiti-

128 2338 193 2380 eare
219 2337 390 2400 possumus,
414 2321 482 2401 quid
505 2320 541 2382 de
563 2324 697 2383 institutis
719 2322 843 2403 priorum
867 2321 1064 2382 immutaverit.
1110 2319 1258 2378 Successit
1280 2319 1308 2378 iu
1328 2335 1400 2397 poo-

131 2421 212 2481 tilicia
238 2421 334 2481 locum
363 2422 504 2483 hienricus
528 2441 594 2499 rex,
629 2424 759 2484 omnihus
787 2422 830 2507 ad·
850 2424 957 2501 regiam
985 2422 1140 2501 potentiam
1165 2421 1320 2479 revocatis.
1364 2417 1401 2482 m

135 2541 197 2582 sane
217 2526 419 2603 expectatione
448 2523 571 2587 celerius
592 2523 714 2604 accidit,
744 2535 773 2585 ut
803 2525 945 2603 pontificis
975 2525 1035 2584 iura
1057 2542 1090 2584 ac
1118 2521 1225 2583 reditus
1245 2521 1279 2582 ad
1301 2539 1401 2601 regem

139 2620 335 2685 delabereutur.
386 2622 475 2702 Nam,
511 2634 540 2685 ut
568 2634 628 2686 erat
655 2635 753 2687 natura
783 2627 896 2686 nimium
930 2626 1085 2709 vehemens
1113 2625 1270 2703 feroxque,
1309 2640 1401 2703 paene

143 2742 211 2783 nemo
232 2734 293 2785 erat
313 2743 349 2784 ex
369 2734 446 2785 tanto
470 2725 673 2805 episcoporum
695 2744 729 2787 ac
752 2726 952 2806 theologorum
977 2743 1104 2801 numero,
1128 2727 1195 2804 quin
1217 2726 1295 2804 regis
1316 2739 1401 2785 cona-

145 2824 204 2884 tilus
231 2826 374 2887 adnuerit:
402 2828 527 2887 accessit
551 2835 582 2886 ut
606 2826 745 2887 molestos
772 2829 820 2905 qui
843 2846 942 2905 regem
966 2826 1110 2887 ecclesiae
1139 2834 1224 2903 caput
1246 2844 1262 2884 a
1286 2822 1401 2885 Christo

149 2928 283 3003 proximum
311 2925 515 3007 [immediately
538 2926 626 2988 under
648 2927 794 3007 rllmigthy
817 2926 882 2991 God
906 2937 936 2987 to
960 2927 996 2987 he
1017 2927 1064 2986 the
1090 2925 1169 2986 chief
1188 2924 1241 2984 aud
1267 2943 1400 3005 supreme

150 3025 202 3087 lud
220 3029 252 3090 ol
270 3029 319 3090 the
343 3027 457 3090 church
479 3029 513 3089 ol
531 3027 672 3109 Englaud]
701 3046 864 3108 agnoscere
885 3026 995 3088 nollent
1016 3025 1196 3087 adversarios
1218 3027 1312 3086 securi
1336 3044 1400 3106 per·

152 3135 249 3191 cassem
266 3129 313 3191 vel
330 3132 359 3191 in
376 3133 455 3209 rogia
472 3131 663 3210 conllagrarit.
693 3130 882 3193 Nihilominus
900 3132 961 3190 iure
980 3128 1036 3188 dici
1054 3137 1160 3208 potest,
1183 3126 1401 3189 ecclesiasticae

153 3224 240 3292 ilenrici
263 3233 372 3292 civitati
395 3251 478 3293 unum
494 3232 674 3294 solummodo
690 3235 779 3294 luisse
795 3235 887 3292 civem
904 3248 1027 3310 eumque
1042 3248 1135 3290 rerum
1152 3245 1286 3289 novarum
1305 3239 1402 3290 aucto·

153 3345 200 3393 eu.
228 3333 385 3395 Enimvero
402 3335 450 3414 qui
466 3343 631 3411 tacuerunt,
652 3345 727 3396 motu
745 3336 824 3414 regis
839 3335 992 3413 perterriti,
1010 3349 1066 3392 uon
1082 3341 1300 3409 consenserunt,
1318 3341 1347 3392 ut
1364 3341 1403 3392 ta·

152 3435 384 3497 teamPoutilicios
399 3435 448 3496 illo
464 3445 596 3516 tempore
611 3454 702 3517 paene
717 3439 889 3498 innumeros.
917 3433 1133 3495 Descenderam
1145 3432 1229 3513 Angli
1246 3437 1272 3493 iu
1289 3444 1400 3513 partes:

150 3528 192 3595 diis
206 3536 282 3597 cordi
298 3545 372 3613 erat,
389 3546 428 3614 ut,
445 3546 557 3597 seruata
572 3538 752 3616 apostolicae
769 3537 913 3599 ecclesiae
928 3547 1014 3618 atque
1027 3536 1203 3615 Anglicauae
1217 3535 1400 3595 cohaerentia

148 3641 300 3720 etantiquae
323 3637 492 3717 disciplinae
513 3639 663 3700 virtutihus
686 3651 764 3701 recte
786 3643 956 3717 aestimatis,
981 3639 1082 3719 huglia
1106 3638 1272 3712 eluistiaua,
1296 3654 1353 3696 non
1374 3638 1400 3696 iu

145 3728 250 3801 Romana
278 3739 331 3800 sed
360 3741 389 3800 iu
414 3738 556 3800 catholica
583 3739 723 3821 religione
752 3753 916 3804 constanter
945 3749 1158 3821 perseveraret:
1188 3738 1235 3797 alii
1265 3741 1400 3817 impetum

143 3851 207 3902 tuum
228 3841 434 3904 convertebant
455 3843 483 3901 iu
505 3843 640 3905 maiorum
662 3846 786 3907 instituta
808 3856 952 3924 totamque
968 3843 1098 3922 Angliam
1117 3840 1235 3901 Calvino
1257 3840 1402 3901 uindicare

141 3942 285 4007 studebam.
298 3946 327 4027 ¹)
372 3935 638 4024 Horumuterque',
671 3946 768 4008 cilicio
798 3948 936 4028 principis
959 3944 1061 4004 ductus
1084 3941 1250 4001 seutentiam
1271 3941 1402 4002 dissimu-

141 4060 343 4084 N*

217 4159 246 4227 l)
269 4153 329 4220 Quo
345 4151 499 4223 iactum-est
514 4158 542 4208 ut
554 4152 706 4222 Anglicaua
724 4152 852 4221 eeclesia,
869 4153 1008 4207 llebeccae
1025 4147 1186 4216 consimilis,
1202 4147 1228 4204 in
1241 4154 1320 4203 utero
1333 4148 1403 4204 ierat

142 4239 234 4301 proten
249 4238 410 4309 gemellam,
432 4238 482 4295 sed
498 4239 578 4296 ualde
599 4238 736 4309 disparem
755 4245 836 4309 atque
856 4253 1016 4309 pugnacem.
1053 4234 1087 4289 Et
1109 4234 1270 4290 necessitate
1289 4234 1403 4305 quadam

143 4325 284 4383 venabitur
299 4326 328 4381 io
339 4324 532 4382 controversia
544 4341 577 4379 ac
589 4324 767 4380 contentione
780 4340 864 4394 susurre
881 4323 942 4377 dum
957 4328 1081 4377 eventum
1095 4318 1219 4374 luahuerit
1235 4319 1403 4377 vaticinium:

145 4408 227 4474 ‚duae
243 4417 343 4483 gentes
357 4409 386 4467 ia
404 4416 484 4467 utero
507 4418 554 4467 tuo
570 4416 597 4466 et
615 4410 669 4466 duo
686 4409 780 4482 populi
802 4426 837 4464 ox
857 4416 953 4465 ventre
969 4408 1023 4463 duo
1037 4406 1206 4473 dividentur,
1231 4408 1404 4479 populusque

145 4497 257 4568 populum
273 4495 419 4571 superabit
436 4495 567 4573 etlmaior
584 4496 687 4555 seruiet
702 4495 835 4556 minori.“

1165 4591 1238 4661 ao*
1334 4668 1345 4693 ⁸
