2992 4926
655 258 728 327 117

40 460 134 557 poris
161 458 345 546 eluuntur,
374 458 497 531 eodem
526 459 628 531 modo
662 460 755 531 velle
782 482 821 535 se
848 462 979 533 animos
1008 470 1147 533 nostros
1172 483 1322 556 purgare

43 572 142 657 atque
164 566 333 659 expiare,
355 582 402 632 ne
425 562 492 633 ulla
516 562 661 657 amplius
687 562 783 636 labes
805 574 861 635 aut
883 563 1016 633 inacula
1039 574 1213 657 appareat.
1247 562 1323 636 Hoc

45 666 186 761 amplius
213 667 478 737 renovat-ionem
502 664 602 737 nobis
629 676 780 738 nostram
804 669 837 737 in
861 689 904 737 co
928 664 1049 753 client,
1077 687 1183 759 quae,
1206 688 1322 760 quem-

47 766 224 841 admodum
250 771 317 838 iam
341 766 507 855 diximus,
533 779 691 839 versatur
712 773 745 839 in
767 773 878 841 carnis
900 778 1039 840 nostrae
1062 766 1322 840 mortificatione

50 876 183 967 uitaque
201 870 389 967 spirituali,
418 894 518 966 quam
542 875 575 941 in
597 870 695 944 nohis
723 872 822 943 cllert
844 896 885 942 ac
909 882 1078 968 procreat.
1121 870 1240 966 ltaque
1262 871 1321 942 du-

51 976 122 1071 plici
144 972 318 1045 benelioio
339 972 506 1045 allicimur
528 998 547 1044 a
570 973 647 1045 Deo
678 978 710 1045 in
738 975 932 1069 Baptismo,
964 973 1066 1044 modo
1097 996 1140 1044 ne
1168 977 1238 1043 vim
1260 973 1321 1046 liu-

52 1082 138 1149 iusce
159 1076 378 1149 Sacramenti
401 1079 536 1169 ingrato
559 1087 593 1147 et
612 1080 799 1148 immemori
823 1082 935 1147 animo
954 1079 1204 1169 extinguamus.
1235 1072 1321 1148 Nam

54 1182 335 1252 attestimonium
363 1181 397 1248 in
423 1200 467 1250 eo
494 1181 721 1251 certissimum
753 1179 935 1267 habemns,
965 1178 1076 1249 Deum
1099 1178 1194 1249 velle
1221 1177 1320 1250 nobis

55 1286 195 1379 parentia
216 1303 299 1355 esse
319 1284 457 1377 propitii
482 1280 582 1369 loco,
609 1303 722 1376 neque
750 1304 827 1353 eum
852 1283 976 1353 delicta
999 1290 1116 1353 nostra
1139 1279 1238 1352 nobis
1260 1284 1322 1352 im-

56 1394 260 1479 putaturum,
278 1392 348 1455 tum
371 1395 484 1454 autem
504 1382 630 1479 Spiritu
650 1406 714 1456 suo
734 1395 854 1456 sancto
876 1384 975 1457 nolis
994 1394 1132 1478 praesto
1155 1382 1320 1471 laturum,

57 1484 269 1577 uidialrolo,
300 1497 446 1581 peccato
474 1497 509 1558 et
535 1489 648 1559 carnis
677 1497 816 1560 nostrae
844 1487 1132 1581 concupiscentiis
1155 1488 1319 1557 resistere

57 1588 169 1661 tamdiu
193 1598 230 1691 et
250 1610 447 1685 repugnare
469 1588 658 1684 possimus,
684 1589 761 1660 dum
787 1592 965 1662 victoriam
990 1609 1260 1682 consequamur,
1284 1597 1320 1658 ut

59 1694 85 1761 iu
103 1690 213 1783 Regni
240 1693 295 1763 sui
316 1691 473 1763 libertate
492 1694 668 1778 vivamuS,
697 1693 788 1788 quod
811 1694 960 1763 iustitiae
987 1690 1144 1781 Regnum
1174 1700 1234 1763 est.

130 1790 241 1879 Quum
267 1796 370 1886 igitur
392 1793 478 1864 haec
498 1793 566 1864 duo
588 1796 620 1864 in
642 1795 741 1867 nobis
769 1818 831 1890 per
851 1793 927 1865 lesu
952 1792 1075 1864 Christi
1097 1796 1240 1884 gratiam
1258 1794 1318 1863 im-

58 1896 222 1991 pleantur,
249 1898 332 1967 satis
354 1906 488 1968 constat
510 1896 671 1993 Baptismi
700 1899 878 1968 veritatem
908 1906 942 1967 et
968 1894 1189 1967 substantiam
1213 1898 1246 1964 in
1274 1916 1318 1966 eo

60 1997 291 2094 comprehendi
319 2007 353 2069 et
373 1999 541 2071 concludi.
597 1998 675 2070 Non
699 2002 787 2069 enim
817 1999 906 2069 aliud
940 1999 1114 2068 lavacrum
1142 1995 1319 2084 habemus,

59 2103 111 2175 n‘ai
137 2102 213 2173 eius
241 2102 463 2193 sanguinem3
496 2124 609 2196 neque
634 2103 733 2174 aliam
768 2106 1049 2189 renovationem,
1083 2100 1147 2172 nisi
1176 2101 1210 2167 in
1244 2100 1319 2170 eius

60 2212 153 2275 morte
180 2212 215 2274 et
240 2205 504 2276 resurrectione.
549 2204 618 2276 Sed
649 2204 933 2299 quemadmodum
958 2202 1134 2273 nobiscum
1156 2200 1246 2273 bona
1270 2199 1319 2272 di-

59 2308 213 2401 vitiasque
235 2328 316 2377 suas
342 2328 406 2401 per
435 2306 577 2377 verbum
606 2310 852 2399 communicat,
889 2305 1011 2377 eodem
1039 2303 1141 2375 modo
1164 2326 1227 2398 per
1257 2298 1319 2377 Sa-

59 2418 216 2480 cramenta
239 2407 339 2480 nobis
361 2430 401 2478 ea
425 2411 570 2505 impertit
598 2420 633 2480 et
656 2409 809 2501 largitur.

125 2525 195 2600 lam
223 2549 312 2598 vero
335 2528 481 2622 optimus
508 2538 542 2599 et
565 2527 829 2621 benignissimus
856 2525 952 2596 Deus
980 2535 1119 2611 noster,
1147 2546 1216 2594 non
1237 2545 1318 2595 con-

58 2636 156 2703 lantua
174 2650 243 2703 nos
263 2632 297 2700 in
319 2627 408 2701 filios
434 2653 517 2702 suos
536 2630 720 2726 adoptasse
739 2640 841 2725 atque
864 2632 898 2700 in
920 2627 1102 2699 Ecclesiae
1120 2648 1205 2698 suae
1225 2650 1323 2698 com-

57 2736 238 2805 munionem
259 2732 459 2822 admisisse,
483 2733 612 2826 largius
634 2733 745 2804 adlruc
765 2744 867 2827 atque
889 2732 1059 2827 prolixius
1078 2751 1173 2801 suam
1197 2732 1229 2800 in
1254 2750 1318 2802 nos

56 2830 287 2929 benignitatem
315 2833 478 2908 conlerra
506 2836 634 2908 voluitz
663 2836 761 2907 nobis
790 2835 952 2907 videlicet
981 2832 1151 2927 pollicens
1177 2831 1255 2903 fora
1282 2843 1318 2903 ut

55 2934 135 3011 Ileua
157 2941 202 3011 sit
220 2946 256 3010 et
274 2946 411 3027 noster,
430 2947 464 3011 et
484 2940 689 3011 versutiam
708 2940 848 3033 generis
865 2937 1147 3033 posteritatisque
1166 2945 1318 3023 nostrae,

54 3040 196 3137 adusque
227 3040 441 3113 millesimam
478 3044 747 3136 generationem.
803 3038 1035 3126 Quamobrem
1074 3038 1139 3110 etsi
1171 3035 1320 3109 lidelium

55 3142 140 3217 lteri
161 3146 231 3217 aiut
252 3164 301 3215 ex
326 3141 449 3215 Adurni
475 3156 635 3240 corrupta
663 3146 769 3239 stirpe
791 3166 833 3215 ac
860 3164 1011 3236 genere,
1046 3162 1108 3215 eos
1139 3139 1180 3212 ad
1209 3162 1248 3214 se
1269 3143 1318 3211 ni-

54 3243 226 3321 lilomiuus
250 3246 411 3335 admittit,
438 3256 581 3343 propter
606 3246 730 3319 foedus
760 3246 921 3318 videlicet
948 3265 1025 3315 cum
1048 3265 1169 3315 eorum
1195 3265 1318 3340 paren-

54 3346 130 3421 tilus
150 3351 290 3438 initum,
315 3369 447 3444 eosque
466 3371 529 3446 pro
551 3348 669 3422 liberis
690 3351 761 3421 suis
784 3348 887 3420 habat
905 3370 947 3418 ac
967 3356 1141 3418 numerat:
1163 3345 1207 3418 ob
1227 3368 1318 3418 eam-

54 3472 108 3545 que
129 3474 272 3524 causam
298 3452 365 3523 iam
393 3453 472 3525 inde
499 3452 541 3524 ab
565 3453 660 3525 initio
682 3454 856 3525 nascentis
877 3449 1058 3522 Ecclesiae
1082 3451 1193 3521 voluit
1209 3447 1317 3519 inian-

52 3552 129 3626 tilus
157 3552 439 3627 circumcisionis
459 3564 574 3627 notam
599 3557 763 3651 imprimi,
792 3576 857 3650 qua
885 3552 1021 3648 quidem
1047 3562 1126 3624 nota
1153 3553 1220 3621 iam
1247 3559 1315 3619 tum

52 3656 161 3729 Mem
190 3659 303 3729 omnia
327 3656 541 3750 significabat
564 3680 605 3728 ac
629 3656 901 3746 demonstrabat,
930 3678 1018 3751 quae
1042 3654 1144 3726 hodie
1171 3654 1205 3722 in
1229 3649 1317 3748 Bap-

52 3760 141 3833 liamo
169 3758 402 3853 designantur.
458 3760 502 3831 Et
536 3760 821 3856 quemadmodum
848 3781 911 3831 eos
942 3756 1136 3831 circumcidi
1165 3754 1317 3845 iubebat,

53 3864 91 3935 tia
119 3868 154 3936 in
183 3883 326 3936 suorum
354 3863 542 3935 liberorum
574 3864 654 3937 loco
680 3886 721 3934 ac
750 3883 892 3934 numero
922 3884 984 3934 eos
1013 3857 1176 3951 habebat,
1209 3881 1317 3955 seque

53 3976 216 4057 parentam
238 3967 390 4061 ipsorum
409 3987 478 4038 non
497 3968 607 4039 minus
627 3989 726 4063 quam
743 3989 882 4056 eorum,
901 3988 921 4037 a
941 3963 1061 4059 mribus
1081 3964 1187 4055 geniti
1208 3970 1318 4050 erant,

53 4067 271 4161 profitebatur.

124 4184 227 4259 Nunc
247 4208 357 4276 vero,
381 4208 484 4282 quum
498 4186 667 4260 Dominus
682 4186 780 4260 lesus
801 4188 835 4256 in
856 4193 967 4255 terras
989 4180 1224 4270 descenderit,
1247 4202 1317 4255 non

56 4288 164 4361 utliei
184 4290 296 4364 Patris
318 4292 462 4383 gratiam
492 4299 526 4361 et
549 4288 750 4362 beneficium
770 4290 1002 4374 imminueret,
1026 4285 1086 4358 sed
1107 4306 1175 4381 quo
1197 4283 1317 4357 salutis

57 4384 163 4467 locdus
185 4414 249 4490 per
268 4414 389 4466 omnes
408 4403 575 4465 terrarum
598 4392 684 4466 lines
706 4399 934 4489 propagaret,
953 4411 1042 4484 quae
1065 4399 1133 4461 tum
1152 4388 1317 4485 temporis

60 4490 225 4593 ltpopulo
243 4492 385 4569 ludaico
401 4496 533 4569 inclusa
554 4495 685 4569 luerat:
714 4495 850 4565 minime
864 4490 1002 4565 dubium
1025 4501 1097 4583 est,
1117 4490 1202 4597 quin
