2992 4926
669 324 672 330 .
711 249 788 321 119

114 449 200 521 tione
227 445 280 519 illi
308 446 517 538 offeremus,
551 449 669 523 humili
695 474 737 523 ac
760 456 942 527 summisso
969 454 1083 526 auimo
1112 454 1313 550 suppliciter
1339 453 1388 527 di·

116 557 246 623 centes:
527 576 530 593 ·

209 650 360 725 Domine
384 650 500 739 licus,
528 652 631 727 Pater
656 667 799 727 aeterne
823 665 857 726 et
883 659 1119 753 omnipotens,
1156 656 1293 752 quando
1321 679 1385 751 pro

159 764 215 825 tua
242 752 372 825 infinita
391 753 571 825 clementia
595 757 694 829 nohis
718 760 891 854 pollicitus
912 781 950 833 es
973 760 1050 833 iore
1079 771 1113 832 ie
1132 761 1244 831 Deum
1267 770 1303 831 et
1324 780 1386 831 no·

158 868 266 931 suum
287 868 323 931 et
342 857 529 931 liberorum
551 871 767 933 nostrorum:
795 883 934 933 eramus
952 873 1004 951 te,
1027 872 1063 934 ut
1081 861 1283 935 beneficium
1301 861 1385 933 illud

158 971 251 1037 tuum
279 964 315 1033 in
345 958 414 1033 loc
439 959 568 1033 infante
595 962 798 1036 confirmare
828 964 999 1057 digneris,
1028 964 1227 1060 parentibus
1254 967 1296 1036 iis
1324 986 1383 1056 ge·

157 1066 251 1151 nito,
278 1084 368 1160 quos
394 1064 429 1135 in
450 1060 644 1137 Ecclesiam
673 1076 761 1137 tuam
792 1070 970 1161 cooptasti.
1024 1065 1068 1139 Et
1099 1066 1385 1162 quemadmodum

158 1165 261 1239 tibia
287 1164 388 1239 uobis
411 1164 553 1237 aliertur
575 1189 617 1239 ac
636 1179 877 1256 consecratur,
900 1172 943 1239 ita
968 1172 1002 1239 in
1024 1169 1163 1241 tutelam
1186 1181 1278 1241 tuam
1306 1190 1383 1240 eum

157 1269 327 1365 reciptes,
352 1266 465 1341 Deum
487 1278 522 1341 te
539 1279 574 1341 et
592 1268 817 1373 servatorem
835 1273 911 1344 eius
929 1293 1008 1344 esse
1027 1270 1285 1358 demonstrans,
1303 1292 1384 1364 pee-

159 1379 270 1443 catum
298 1372 333 1443 ei
354 1372 498 1461 originis
525 1371 725 1445 condonans
744 1395 786 1443 ac
802 1378 1000 1461 remittens,
1028 1377 1126 1447 cuius
1152 1395 1261 1467 genus
1281 1393 1383 1444 omne

158 1470 285 1547 tomi
303 1472 441 1568 culpam
462 1477 627 1562 sustinet,
654 1498 801 1569 eumque
823 1486 1001 1569 praeterea
1025 1475 1153 1571 Spiritu
1176 1486 1235 1547 tuo
1259 1477 1382 1548 sancti-

159 1572 284 1663 tum,
318 1584 377 1661 nt,
409 1597 513 1668 quum
540 1576 583 1670 od
611 1589 758 1651 aetatem
786 1577 901 1649 iudicii
926 1588 1030 1673 atque
1055 1580 1303 1671 intelligentiae
1325 1598 1382 1647 ea·

158 1697 278 1773 pacem
298 1697 510 1773 progressus
532 1682 619 1768 erit,
641 1690 675 1751 te
695 1681 806 1753 selum
835 1680 944 1751 Deum
968 1690 1003 1751 et
1030 1680 1253 1753 Servatorem
1274 1698 1382 1771 agno·

158 1788 228 1853 scat
255 1788 293 1853 et
319 1789 529 1871 veneretur,
561 1804 787 1877 peromnem
815 1785 907 1855 vitae
933 1804 1072 1857 cursum
1099 1783 1160 1855 tihi
1187 1781 1322 1853 landem
1347 1788 1382 1853 et

159 1880 303 1974 gloriam
316 1880 492 1972 tribuens,
512 1893 680 1980 perpetuo
697 1907 839 1960 suorum
854 1896 1076 1980 peccatorum
1093 1885 1381 1958 condonationem

160 1982 217 2081 als
234 1996 275 2057 ta
299 1994 542 2083 consequatur.
598 1985 643 2059 Ut
668 2009 756 2061 nero
783 1985 949 2061 beneficia
970 1987 1058 2059 haee
1078 1991 1239 2082 accipere
1259 1984 1406 2079 possit,'

160 2108 234 2159 eum
254 2097 292 2161 tu
317 2088 354 2159 in
379 2090 653 2163 communionem
675 2089 812 2163 Domini
834 2092 943 2161 uestri
970 2088 1050 2161 lesu
1073 2099 1240 2184 cooptare
1261 2086 1380 2178 digne

159 2191 222 2279 ris,
254 2199 293 2264 nt
319 2188 478 2263 erunibus
503 2192 579 2264 eius
605 2192 705 2266 benis
731 2203 891 2287 tanquam
918 2213 1022 2264 unum
1047 2214 1095 2265 ex
1123 2193 1199 2263 eius
1222 2189 1380 2285 corporis

159 2291 318 2367 membris
349 2293 538 2389 participet.
591 2293 728 2367 Exaudi
753 2317 838 2384 nos,
872 2294 1012 2373 Parcus,
1031 2290 1308 2378 misericordiae,
1342 2298 1380 2362 ut

161 2392 369 2491 Baptismus,
392 2416 493 2489 quem
512 2398 547 2469 ei
564 2419 612 2469 ex
625 2399 777 2471 instituto
798 2406 858 2469 tuo
877 2399 1108 2492 impertimus,
1126 2396 1274 2468 numum
1293 2396 1379 2464 vim-

159 2518 221 2591 que
240 2518 339 2572 suam
359 2508 501 2589 exerat,
531 2499 668 2594 qualem
697 2499 795 2574 nobis
819 2498 1005 2593 Evangelii
1030 2502 1080 2573 tui
1104 2498 1262 2571 doctrina
1286 2517 1378 2568 com-

159 2609 329 2674 namnet

203 2701 310 2776 Pater
329 2714 450 2778 nomer
470 2704 528 2799 qni
555 2723 596 2776 es
616 2704 650 2774 in
677 2702 808 2793 coelis,
835 2713 899 2776 etc.

186 2818 358 2907 Quoniam
384 2821 613 2897 admittendus
643 2831 696 2895 est
724 2821 779 2893 hic
805 2820 917 2895 inians
943 2823 978 2892 iu
1002 2818 1229 2893 Christianam
1255 2817 1378 2891 Eccle-

120 2922 207 3013 siam,
234 2924 432 3021 spondetis,
466 2948 570 3023 quum
601 2923 644 2996 ad
672 2934 818 2996 aetatem
850 2924 965 2996 iudicii
990 2921 1262 3019 prudentiaeque
1285 2944 1378 2994 cem-

119 3034 217 3118 ροισι
242 3031 463 3123 pmvenerit,
493 3050 572 3100 eum
602 3048 668 3100 vos
701 3026 876 3116 doctrina,
912 3048 1001 3123 quae
1029 3048 1048 3096 a
1075 3024 1204 3123 popule
1229 3024 1296 3096 Dei
1322 3046 1377 3096 re-

118 3138 200 3224 con
227 3139 264 3201 et
286 3129 430 3227 probata
451 3140 522 3221 est,
548 3133 795 3218 instructuram
822 3133 922 3204 sicuti
945 3129 1099 3201 breviter
1127 3137 1161 3200 et
1185 3131 1377 3202 summatim

118 3230 353 3328 mprelrensa
373 3236 479 3307 estin
500 3254 542 3305 ea
560 3231 783 3306 confessione
802 3232 901 3322 fidei,
925 3253 1027 3328 qnam
1051 3252 1170 3304 omnes
1188 3240 1354 3305 tenemus.

201 3332 320 3408 croto
341 3338 377 3407 in
404 3334 516 3408 Deum
538 3336 674 3408 Patrem
695 3338 983 3432 omnipotentem,
1005 3343 1070 3405 etc.

184 3450 372 3553 §pendeas
392 3458 497 3551 igitur
518 3476 584 3528 vos
612 3453 752 3529 daturos
767 3474 926 3551 operam,
950 3462 986 3525 ut
1004 3454 1096 3525 omni
1115 3451 1180 3525 hac
1198 3451 1376 3547 disciplina

117 3553 305 3647 nemean,
332 3580 374 3629 ae
397 3558 587 3651 generatim
610 3556 766 3629 omnibus
789 3554 861 3649 his,
883 3578 971 3652 quae
993 3558 1128 3654 scriptis
1151 3554 1275 3626 divinis
1293 3574 1375 3624 con-

116 3657 266 3749 tinentur,
293 3659 327 3733 id
356 3672 427 3750 est,
454 3671 523 3733 tum
551 3664 663 3732 veteri
692 3670 760 3731 tum
787 3681 881 3731 novo
906 3658 1149 3732 Testamentoa
1182 3665 1219 3727 ut
1241 3676 1282 3726 ea
1305 3677 1375 3726 am-

115 3758 268 3851 plectatur
295 3773 330 3836 et
351 3762 466 3835 audiat
491 3773 650 3859 tanquam
673 3761 818 3834 verbum
841 3783 1106 3857 sermonemque
1132 3759 1198 3830 Dei
1226 3759 1375 3832 certissi-

115 3880 206 3954 mum,
240 3864 389 3939 coelitus
415 3865 611 3939 demissum.
665 3865 752 3936 Eum
786 3874 967 3959 praeterea
1002 3862 1234 3951 hortabimini,
1268 3871 1305 3932 ut
1331 3861 1375 3935 ad

116 3983 173 4039 ιιιιι
194 3988 351 4041 normam
373 3979 407 4042 et
427 3969 583 4063 regulam
606 3970 710 4040 vitam
734 3989 828 4040 suam
850 3969 1019 4055 instituat,
1042 3986 1141 4061 quam
1159 3961 1260 4037 nobis
1278 3963 1374 4039 Deus

115 4064 250 4164 utege
275 4092 339 4145 sua
367 4073 609 4169 praescripsit,
643 4074 740 4144 cuius
768 4068 856 4141 haec
882 4091 1013 4145 summa
1038 4077 1116 4141 sunt
1143 4068 1272 4162 capita:
1306 4070 1374 4163 pri-

117 4188 206 4261 ιιι,
234 4182 272 4245 ut
298 4172 411 4245 Deum
440 4183 515 4246 toto
533 4184 698 4269 pectere,
726 4175 839 4245 anime
865 4182 901 4245 et
926 4169 1076 4260 viribus,
1103 4180 1173 4243 tum
1194 4179 1376 4265 praeterea

117 4277 292 4363 perimam
311 4287 467 4349 nostrum
483 4296 553 4347 non
574 4298 676 4349 secus
697 4298 796 4371 quam
819 4275 1049 4369 nosmetipsos
1070 4272 1262 4367 diligamns.
1289 4269 1375 4345 Item

120 4381 145 4443 ut
170 4379 321 4449 sermoni
356 4388 391 4451 et
424 4377 731 4467 admonitionibus,
767 4399 852 4472 quas
885 4375 985 4448 nobis
1017 4397 1081 4473 per
1112 4372 1306 4471 Prophetas
1339 4384 1378 4436 et

114 4472 294 4573 ipcnmm
324 4501 408 4556 suos
430 4480 526 4556 Deus
548 4480 704 4570 tradidit,
731 4478 832 4553 iidem
859 4478 1008 4571 habens,
1041 4501 1083 4552 ac
1109 4476 1267 4579 sibiipsi
