2992 4926
722 216 770 288 92

146 480 150 485 .
199 412 370 512 seignour
395 416 503 492 Notus
532 417 621 493 Dieu
648 429 683 495 et
707 417 817 493 Notre
848 419 960 510 Pero,
994 438 1081 495 nous
1111 415 1372 493 reconnoissons

116 530 194 596 tous
215 544 259 593 en
281 522 423 616 general
441 533 476 596 et
498 522 627 596 chacun
650 524 693 596 de
716 546 803 597 nous
827 545 870 597 en
892 522 1111 619 porticulier,
1138 542 1207 618 quo
1228 540 1318 593 nous
1333 540 1371 595 no

116 645 267 698 sommus
288 648 350 722 pes
377 624 498 720 dignes
522 627 565 699 ‹le
591 633 745 724 poroitre
772 650 815 700 en
845 638 880 700 tu
907 627 1099 717 Prosence‚
1134 627 1169 696 ni
1196 622 1241 695 (lc
1263 632 1299 695 tc
1321 621 1371 695 tle·

116 726 257 801 munder
280 751 412 802 aucune
440 727 559 803 Groce.
601 730 698 804 Nous
718 740 860 804 u'ovons
887 753 948 827 pos
976 731 1057 804 obei
1080 733 1100 800 o
1124 738 1179 802 tes
1200 722 1370 799 Gomnun

117 832 277 922 demens,
304 835 389 905 mais
415 855 501 907 nous
523 834 575 906 les
598 855 708 908 avons
728 836 842 907 violes
866 856 909 906 en
930 835 1101 931 plusieurs
1124 832 1307 903 marteres.
1344 825 1368 901 0

118 934 307 1028 seigneur,
341 957 429 1010 nous
455 937 641 1034 deplorons
665 939 696 1008 lo
719 936 893 1032 grandeur
922 949 956 1010 et
987 938 1020 1009 lo
1045 932 1225 1009 multitude
1248 930 1292 1005 do
1314 952 1367 1005 nor
1415 994 1418 1005 .

116 1036 237 1114 fontes.
264 1038 445 1113 Purdoune
461 1063 568 1131 nous,
591 1040 720 1114 oPero
742 1041 914 1128 trtshon3
932 1038 1108 1137 pordoune
1122 1059 1212 1136 pour
1225 1035 1368 1109 l'Anou

117 1141 161 1216 tle
182 1142 285 1217 Jesus
309 1139 421 1217 Christ
450 1148 469 1215 lu
496 1166 587 1216 ceux
615 1146 734 1239 quise
761 1154 941 1239 repenteut
969 1154 1003 1215 et
1035 1146 1093 1238 qui
1118 1151 1153 1215 te
1177 1138 1369 1213 demandent

119 1241 239 1319 Graue.
294 1244 454 1320 Sanctifie
474 1268 582 1337 nous,
613 1258 647 1319 et
677 1270 764 1320 nous
796 1269 878 1320 reus
905 1248 948 1319 de
975 1244 1159 1319 nouvelles
1183 1238 1368 1330 creamus,

118 1347 184 1421 ofin
211 1372 277 1446 que
310 1351 343 1422 lo
376 1349 494 1422 Gloire
522 1350 565 1421 de
591 1361 626 1421 to
655 1349 880 1425 Misericorde
913 1353 979 1424 soit
1007 1348 1170 1423 eetehroo
1197 1350 1218 1418 t
1245 1346 1368 1440 iuncis,

117 1475 178 1549 pur
200 1452 302 1525 lesus
325 1450 439 1525 Christ
460 1450 569 1526 Netre
596 1451 784 1549 Seigueur:
837 1454 959 1526 Amen.

200 1554 365 1629 Adoreus
387 1553 495 1628 Notro
517 1557 625 1646 Dieu,
649 1569 684 1631 et
705 1558 767 1654 luy
792 1558 942 1632 rendons
969 1577 1103 1652 greces.

198 1656 228 1730 ll
250 1668 302 1733 est
311 1661 404 1751 juste
428 1670 462 1733 et
483 1661 700 1734 roisounohle
719 1684 785 1756 que
798 1683 886 1734 nous
902 1660 1105 1749 vedericus,
1126 1656 1257 1729 oDieu
1277 1651 1371 1725 'lout

73 1767 92 1783 “
118 1763 289 1859 uniscunt,
317 1766 374 1858 qui
400 1785 438 1836 as
460 1767 541 1836 eree
569 1764 602 1835 le
630 1763 705 1837 ciet
727 1775 761 1836 et
782 1765 815 1836 lu
839 1764 949 1837 Terre
972 1774 1008 1837 ot
1032 1771 1146 1836 toutes
1172 1759 1299 1833 choses
1324 1755 1373 1853 qul

117 1874 259 1961 ysont3
287 1877 321 1938 et
347 1887 414 1963 quc
434 1889 523 1941 nous
551 1878 585 1938 te
607 1868 770 1942 rendions
793 1868 835 1939 de
858 1889 1056 1939 communes
1077 1867 1209 1939 actious
1237 1860 1281 1934 de
1303 1881 1373 1955 gru·

117 1991 178 2043 ces
199 1990 287 2064 pour
313 1979 427 2046 toutes
454 1971 507 2044 les
533 1969 674 2046 favours
698 1994 764 2066 que
790 1994 878 2045 nous
904 1990 1077 2044 reeevons
1101 1988 1183 2041 suns
1208 1986 1311 2040 cesse
1337 1961 1374 2035 ulo

116 2081 151 2145 to
173 2074 263 2144 moin
284 2073 437 2147 liberate.
472 2072 568 2147 Nous
596 2083 631 2147 te
653 2074 834 2149 benissous
857 2074 900 2146 de
923 2097 964 2146 ce
986 2096 1053 2169 que
1074 2082 1110 2143 tu
1127 2082 1218 2143 nous
1241 2088 1281 2143 us
1301 2088 1375 2139 con·

117 2180 240 2250 servis
255 2178 399 2271 jusques
427 2182 446 2249 o
472 2182 632 2273 present,
660 2176 703 2250 de
730 2200 770 2249 ce
796 2182 953 2273 qu’uprts
977 2197 1066 2251 nous
1091 2176 1191 2247 avoir
1216 2172 1376 2270 protegis

117 2277 240 2351 durant
271 2278 304 2349 lu
330 2281 402 2350 nuit
427 2289 465 2351 tu
489 2301 578 2353 nous
607 2303 645 2355 us
675 2279 736 2351 fuit
761 2283 894 2352 orriver
920 2279 1185 2353 heuroosement
1217 2296 1264 2347 uu
1292 2294 1377 2347 con-

117 2390 330 2453 meneemeut
356 2381 399 2452 ‹ls
426 2404 467 2453 ce
493 2381 598 2474 loun,
626 2393 660 2455 et
686 2383 730 2455 ‹le
759 2405 801 2454 ce
831 2405 898 2479 quo
920 2405 1008 2457 nous
1034 2401 1193 2480 pouvous
1223 2399 1269 2450 en
1293 2386 1377 2451 cette

118 2482 225 2556 lucore
252 2489 405 2580 puroitre
429 2507 471 2556 eu
499 2508 539 2557 ee
562 2489 649 2559 saint
671 2485 755 2558 Lieu
778 2508 821 2557 en
844 2498 877 2558 tu
899 2486 1082 2560 Prtsenee.

204 2584 394 2679 seigneur,
420 2610 508 2663 nous
537 2598 571 2660 te
598 2590 743 2681 locens,
774 2611 863 2664 nous
888 2589 1046 2664 dosirons
1068 2588 1110 2659 dc
1132 2595 1168 2658 te
1188 2585 1305 2659 servir
1325 2604 1378 2656 uu·

114 2689 303 2786 jourd’huy
329 2700 363 2761 et
387 2699 484 2764 toute
505 2696 605 2765 notre
632 2696 708 2780 vie3
736 2714 824 2767 nous
846 2715 934 2767 nous
962 2710 1172 2766 cousoorons
1194 2692 1215 2760 t
1238 2686 1325 2777 roi,
1350 2695 1379 2759 et

117 2814 206 2867 nous
236 2813 325 2866 nous
352 2804 563 2869 soumottons
593 2799 819 2869 entitrement
849 2799 869 2867 t
902 2807 937 2868 to
969 2799 1077 2871 seinte
1110 2802 1146 2865 et
1172 2791 1289 2864 bonne
1314 2787 1379 2863 Vo·

48 2900 51 2905 '
118 2894 223 2968 lonte.
277 2895 367 2981 Qu'il
391 2908 426 2970 te
453 2898 562 2994 pluise
589 2899 632 2970 de
658 2920 746 2973 nous
778 2909 942 2995 protegen
970 2909 1004 2972 et
1031 2899 1074 2970 de
1100 2917 1189 2968 nous
1218 2892 1380 2967 conduire

118 2996 268 3095 pendent
286 3022 328 3072 ce
345 3001 445 3092 jour„
471 3001 537 3072 otiu
562 3025 628 3097 que
649 3023 737 3075 nous
763 3002 797 3073 le
824 3005 981 3097 passions
1008 3001 1093 3075 dans
1115 2999 1148 3072 la
1168 2997 1275 3091 Pois,
1302 2996 1380 3070 duos

119 3099 153 3172 lu
175 3102 281 3198 joye,
314 3112 348 3175 et
376 3103 459 3176 dans
480 3114 513 3175 tu
542 3107 690 3192 ereinuc,
725 3127 786 3200 pur
818 3104 921 3178 lesus
949 3101 1062 3178 Christ
1096 3103 1153 3198 qui
1185 3102 1237 3174 vit
1264 3110 1300 3173 et
1329 3100 1381 3197 qui

118 3207 229 3296 regne
256 3225 343 3278 aveo
370 3206 434 3278 Toi
461 3207 550 3279 Dieu
575 3207 669 3279 benit
690 3207 968 3280 eternellemeut:
1019 3206 1142 3279 Amen.

336 3389 432 3471 Apros
453 3390 483 3452 lo
505 3388 595 3455 chnut
616 3391 653 3454 (lu
674 3391 811 3470 haume,
834 3400 864 3452 st
884 3402 966 3457 oront
985 3394 1014 3456 le
1034 3391 1166 3454 Sermon.

203 3543 234 3618 0
262 3543 452 3640 Seigneur,
487 3553 630 3646 puisque
660 3572 747 3623 nous
778 3571 926 3625 somnes
953 3552 1011 3646 icy
1038 3547 1228 3624 ossemhles
1256 3568 1302 3620 en
1327 3555 1385 3619 tou

118 3646 225 3742 Nom,
253 3673 341 3746 pour
370 3654 513 3725 toouter
540 3664 574 3725 et
600 3676 687 3750 pour
709 3653 854 3727 mediter
876 3662 908 3723 to
933 3652 1058 3726 Porole
1087 3674 1154 3747 que
1180 3662 1217 3724 tu
1238 3671 1329 3724 nous
1352 3671 1387 3724 us

120 3750 256 3824 douuee
284 3776 372 3850 pour
400 3758 474 3827 etro
503 3778 569 3828 une
592 3754 719 3854 lompe
748 3761 767 3828 ὲ
797 3777 861 3830 nos
886 3754 1002 3852 piens,
1029 3766 1064 3827 et
1091 3776 1159 3827 oue
1182 3752 1387 3826 humili-el

120 3876 186 3928 nos
214 3858 378 3946 sentiers3
413 3857 511 3932 Nous
537 3870 572 3931 te
599 3861 775 3956 supplicns
802 3860 845 3931 de
872 3869 946 3931 tout
974 3865 1075 3932 notre
1104 3880 1212 3930 coeur
1239 3865 1276 3930 et
1301 3878 1389 3955 pour

121 3959 266 4031 l’omour
288 3956 331 4029 do
351 3960 452 4037 lesus
481 3961 616 4051 Christ,
652 3966 710 4057 qui
735 3973 787 4036 est
815 3964 846 4034 lu
875 3962 1034 4035 Lumiere
1064 3962 1109 4035 (lu
1134 3959 1286 4050 Mundo,
1320 3959 1390 4033 (Ρό-

121 4059 247 4133 oluirer
267 4080 331 4132 nos
358 4067 623 4156 eutoudemens,
657 4075 691 4138 et
719 4065 762 4136 de
791 4087 880 4140 nous
907 4066 1039 4138 donner
1064 4077 1123 4139 tou
1149 4063 1248 4139 Soint
1271 4062 1393 4161 Esurit

122 4164 180 4259 qui
205 4184 294 4236 nous
325 4164 488 4241 conduise
518 4171 600 4244 dens
630 4168 663 4241 la
690 4171 937 4242 connoissouco
965 4167 1007 4241 de
1029 4167 1064 4241 la
1086 4166 1230 4258 Venite,
1267 4176 1304 4239 et
1334 4168 1393 4263 qui

120 4286 208 4337 noos
238 4265 398 4339 sonctifie.
452 4269 512 4342 Fui
542 4294 630 4345 nous
660 4271 693 4344 lu
720 4267 831 4343 Graue
859 4273 1035 4345 d’e'oouter
1062 4274 1325 4345 attentivement
1357 4280 1393 4342 tu

120 4366 267 4456 Porcio,
295 4367 372 4442 d’en
398 4369 477 4443 bien
501 4374 728 4471 comprendro
750 4373 783 4446 le
810 4395 910 4466 sens,
936 4385 970 4447 et
997 4375 1039 4446 de
1067 4374 1266 4449 conformer
1287 4376 1392 4447 notre

120 4473 179 4545 uio
205 4493 275 4546 oux
299 4473 519 4550 instructions
543 4479 667 4573 qu’elle
694 4499 781 4554 nous
804 4478 935 4567 donne3
964 4477 1120 4576 sinque
1146 4502 1188 4555 co
1210 4500 1279 4578 quo
1300 4496 1418 4553 nous¹
