2992 4926
706 257 781 329 415

114 469 183 520 cart
208 459 247 520 all
273 459 332 521 tbat
353 459 402 519 tbe
424 459 507 519 other
525 458 591 520 bath
612 457 778 538 trespassed
801 459 913 537 against
932 458 1011 536 blm,
1035 458 1088 520 and
1110 469 1141 520 to
1161 458 1247 520 mabe
1266 460 1384 521 amends

114 578 145 623 rr
166 561 233 622 tbat
253 562 290 622 be
311 559 429 621 bimsell
447 561 514 621 batb
536 561 687 630 offended;
709 560 764 622 aad
785 561 834 621 tbe
856 560 939 620 otber
960 570 1041 638 party
1059 560 1118 622 will
1139 570 1189 622 not
1210 561 1247 621 be
1267 579 1384 640 persua·

114 662 156 723 ed
179 671 213 722 ιο
236 682 254 723 a
275 661 364 742 godly
386 662 482 738 unity,
505 661 556 722 but
576 665 682 723 romain
705 661 762 722 still
784 663 812 722 in
835 661 879 721 bis
902 661 1093 723 lrcrrardness
1114 662 1169 723 aud
1190 663 1307 723 malice:
1336 664 1384 724 tbe

114 761 237 826 linister
257 765 286 825 ia
307 764 367 824 tbat
385 780 453 823 case
475 764 565 842 ought
585 773 615 824 to
636 763 723 824 admit
743 763 792 824 tbe
814 765 943 843 peniteat
964 779 1070 842 person
1093 774 1123 824 to
1145 750 1194 825 the
1214 764 1284 842 boly
1300 763 1389 849 Com·¹
1451 827 1454 836 ,

114 868 240 943 namon,
272 864 327 927 and
352 874 405 926 not
429 864 487 926 blm
513 866 572 926 tbat
600 866 625 926 is
647 865 799 927 obstinate.
842 861 984 926 Provided
1006 866 1066 926 tbat
1089 884 1178 943 every
1199 864 1329 928 Minister
1350 884 1384 929 so

114 967 253 1048 spelling
274 984 345 1045 sup,
368 984 400 1026 as
414 966 448 1026 ts
468 966 610 1046 speoitied
633 968 661 1028 in
678 966 753 1045 tbis,
776 983 809 1026 or
828 963 878 1025 tbe
898 974 966 1025 next
988 964 1146 1044 precedent
1167 962 1329 1046 l'aragrapb
1344 966 1389 1028 'oi

114 1072 157 1131 nis
179 1067 330 1145 llubricls‚
361 1066 434 1128 sball
455 1067 492 1128 be
514 1067 631 1148 obliged
653 1077 683 1129 ιο
704 1069 771 1147 give
793 1086 828 1128 an
848 1075 970 1127 account
991 1066 1025 1126 oi
1040 1067 1089 1127 tbe
1111 1085 1190 1128 same
1211 1077 1240 1128 ιο
1261 1068 1310 1129 tbe
1332 1068 1384 1130 Or·

114 1173 205 1247 inary
227 1170 326 1231 within
350 1170 480 1230 lourteen
503 1169 572 1247 daps
595 1171 718 1232 alterat
745 1168 794 1229 tbe
822 1168 950 1228 fartbest.
995 1166 1058 1227 llud
1080 1168 1128 1228 tbe
1151 1166 1290 1246 ordinary
1311 1167 1384 1230 shall

114 1271 236 1333 rroceed
258 1271 369 1350 against
389 1269 438 1330 tbe
460 1269 608 1350 odendiag
630 1289 735 1350 person
754 1267 910 1347 according
930 1277 960 1328 to
980 1266 1028 1328 tbe
1052 1266 1158 1334 Canon.
1175 1267 1204 1349 1)

192 1371 257 1433 ‘lire
277 1369 383 1451 Table,
414 1381 443 1433 at
464 1371 511 1434 tbe
534 1370 814 1434 communion-time
841 1370 946 1448 having
967 1389 983 1429 a
1005 1368 1059 1430 iair
1087 1368 1174 1430 white
1202 1368 1278 1430 liuen
1306 1368 1383 1430 clotb

114 1491 185 1553 upon
206 1474 248 1549 it,
270 1470 342 1533 sball
364 1470 446 1532 stand
464 1472 493 1532 in
514 1471 563 1532 the
577 1471 659 1550 Bodp
682 1474 715 1534 oi
733 1473 781 1533 tbe
797 1470 927 1549 Ghurcb,
951 1489 984 1531 or
1005 1472 1034 1531 io
1055 1471 1103 1531 the
1121 1469 1264 1549 Gbancel,
1285 1470 1384 1532 where

114 1572 243 1651 dorning
269 1570 325 1632 and
345 1570 477 1650 Erenlng
500 1568 606 1648 Pmyer
633 1592 681 1635 are
704 1573 860 1654 appointed
888 1582 918 1633 to
944 1572 982 1632 be
1011 1572 1082 1637 said.
1126 1569 1190 1632 And
1215 1571 1264 1632 tbe
1290 1571 1386 1633 l’riest

114 1672 242 1752 rtuding
262 1680 292 1732 at
313 1671 362 1732 tbe
383 1669 475 1731 North
495 1670 558 1732 side
580 1673 611 1733 ol
629 1675 679 1735 tbe
701 1672 790 1736 'labie
813 1672 885 1735 sball
907 1691 960 1750 say
981 1674 1030 1734 the
1051 1672 1150 1734 Lord’s
1171 1671 1294 1752 Praper,
1316 1675 1385 1735 uritb

114 1775 157 1836 ibe
178 1771 294 1835 collect
316 1769 479 1850 following,
492 1771 552 1832 tbe
573 1773 681 1854 people
703 1774 848 1854 lsneeling.
863 1774 896 1856 ¹)

194 2027 224 2104 l)
241 2025 283 2083 ΕΙ.
296 2023 407 2082 omittit:
428 2024 566 2081 Provided
580 2025 638 2082 tbat
653 2043 737 2097 every
752 2028 884 2098 llinister,
901 2034 930 2084 et
945 2044 1014 2100 quae
1025 2033 1181 2100 sequuntur.
1206 2029 1382 2092 Canonliccl.

114 2113 189 2183 turgt.
204 2110 255 2167 uo:
281 2109 396 2180 „llollus
411 2110 594 2167 llinistrorum
609 2127 644 2167 ex
658 2127 749 2183 grege
770 2121 817 2167 aut
833 2113 903 2169 Cura
920 2130 967 2169 sua
984 2129 1134 2186 quenquam
1150 2111 1185 2168 ad
1200 2130 1300 2170 sacrae
1313 2114 1384 2172 Coe·

115 2213 159 2254 aaa
172 2196 389 2253 communionem
404 2196 460 2252 ullo
476 2202 557 2268 pacto
572 2196 714 2272 admittet,
731 2199 775 2270 qui
791 2198 932 2254 manifeste
948 2203 1028 2254 notus
1043 2196 1097 2253 erit
1118 2197 1145 2252 in
1160 2197 1252 2254 inlami
1267 2208 1383 2271 peccato

117 2282 319 2356 impoenitenter
335 2280 446 2350 uivere,
468 2297 520 2336 nec
537 2282 582 2354 qui
603 2299 662 2336 cum
678 2284 811 2354 proximis
827 2283 882 2340 suis
898 2283 1032 2339 malitiose
1047 2290 1075 2338 et
1090 2290 1187 2356 aperte
1202 2285 1385 2354 contenderit,
1423 2295 1425 2301 ·

119 2367 161 2424 nisi
185 2365 378 2423 reconciliatio
395 2367 600 2433 intercesserit,
624 2384 711 2439 neque
733 2369 814 2424 etiam
833 2368 1015 2425 Ecclesiarum
1040 2371 1215 2425 Oeconomus
1238 2377 1284 2426 aut
1305 2369 1385 2426 Assi-

119 2460 212 2509 stentes
222 2451 305 2522 ullos,
321 2451 366 2522 qui
382 2468 440 2507 cum
454 2451 632 2507 iuramentum
647 2455 830 2526 susceperint,
847 2471 897 2525 pro
914 2454 1037 2511 omnibus
1053 2453 1122 2510 iisoe
1137 2454 1244 2511 delictis
1255 2455 1382 2526 notoriis,

121 2537 256 2611 dequibus
274 2535 455 2607 particulatim
476 2535 543 2593 iussi
556 2545 633 2593 erant
646 2538 719 2593 intra
736 2555 800 2595 suas
822 2540 978 2613 respective
998 2538 1142 2613 parochias
1161 2540 1316 2613 inquirere,
1342 2540 1385 2598 bis

123 2623 319 2694 pestorano
336 2621 370 2677 ad
385 2621 558 2678 ordinarium
575 2639 651 2680 suum
666 2623 838 2696 deserendis,
854 2641 907 2681 non
923 2632 1053 2682 verentes
1069 2631 1175 2695 minen,
1198 2633 1289 2698 spreta
1308 2623 1384 2684 lura·

123 2709 190 2766 nanti
210 2708 254 2766 sai
276 2707 413 2779 religione
433 2704 526 2784 (cuius
546 2706 657 2780 alioque
678 2708 768 2766 ddvlis
788 2709 914 2767 executio
940 2710 1082 2783 potissima
1103 2709 1174 2767 ratio
1200 2710 1308 2780 existit,
1336 2726 1386 2785 par

124 2809 185 2863 qum
204 2793 314 2867 publica
331 2799 456 2867 peccate,
470 2799 500 2849 et
513 2791 640 2849 scandala
656 2794 776 2852 rescindi
793 2795 910 2868 possint,
925 2802 952 2851 et
966 2791 1106 2870 coerceri)
1122 2795 1202 2851 etiam
1214 2797 1341 2853 volentes
1357 2800 1385 2853 at

123 2879 226 2937 trientes
241 2879 270 2934 ia
283 2877 397 2952 periurii
413 2877 514 2934 emman
533 2877 640 2952 perdite
656 2896 689 2935 ao
704 2879 807 2936 nelarie
824 2881 981 2948 incurrere,
1004 2879 1064 2936 dum
1090 2879 1133 2935 vel
1157 2881 1317 2952 negligunt,
1341 2882 1385 2938 vel

121 2973 237 3021 “munt
256 2980 291 3019 ex
307 2962 458 3036 praedictis
473 2962 630 3019 criminibus
646 2972 673 3020 et
688 2965 797 3022 delictis
812 2965 929 3021 notoriis
944 2965 1033 3036 aliqua
1050 2965 1193 3034 detegere,
1212 2982 1282 3037 quae
1296 2966 1385 3022 sciunt

119 3044 176 3107 iutra
200 3050 352 3123 parochias
372 3065 436 3106 suas
456 3065 520 3105 esse
541 3057 698 3122 perpetrata
718 3052 762 3107 vel
785 3050 1032 3122 congregationem
1048 3050 1144 3106 saltem
1159 3049 1305 3122 insigniter
1319 3067 1386 3122 gra-

117 3145 173 3192 tare
188 3153 223 3192 ac
239 3135 398 3201 oltender03
414 3134 479 3190 ticet
494 3133 576 3191 iidem
592 3136 634 3190 vel
652 3152 666 3190 a
685 3136 783 3193 ricinis
797 3137 841 3192 val
855 3154 869 3193 a
885 3136 1026 3206 llinistro,
1048 3137 1092 3190 vel
1109 3135 1190 3192 etiam
1205 3138 1239 3192 ab
1254 3137 1316 3210 ipso
1332 3137 1381 3194 Or·

114 3214 225 3292 linario,
239 3219 373 3277 admoniti
387 3219 502 3276 subinde
517 3221 626 3291 luerint,
642 3223 860 3279 utconscientias
874 3239 949 3291 snas,
964 3221 1036 3278 dicta
1049 3220 1159 3277 erimina
1168 3222 1385 3294 praesentando,

114 3312 306 3376 txoaenreat,
322 3319 411 3378 acque
426 3322 458 3362 se
473 3306 575 3362 vellent
587 3307 614 3361 ia
629 3305 796 3364 horrendum
809 3306 875 3363 illud
893 3307 1006 3381 periurii
1022 3307 1113 3363 scelus
1128 3323 1194 3364 ausu
1210 3316 1263 3364 tam
1278 3306 1386 3365 astario

114 3393 325 3465 traeoipitare.“
347 3391 480 3448 canontt
499 3392 627 3464 probibet
635 3391 830 3449 schismaticos
846 3400 927 3466 utque
942 3393 1114 3462 licereticos,
1131 3393 1223 3449 bauco
1238 3393 1274 3447 te
1287 3393 1385 3451 Extra·

114 3491 177 3536 aeos
189 3478 224 3535 ad
241 3476 371 3551 proprias
387 3476 536 3532 l’aroolniae
553 3493 620 3538 suae
635 3477 768 3535 ecclesias
785 3485 811 3533 et
825 3476 964 3534 llinistros
980 3477 1165 3538 dimittendos.

191 3580 224 3656 2)
248 3579 343 3636 &aon
357 3579 407 3637 8⁶2:
426 3578 513 3648 „Cum
528 3579 607 3635 nobis
625 3578 733 3635 minime
749 3578 858 3634 dubium
872 3578 982 3647 existat,
997 3578 1059 3651 quin
1075 3579 1199 3634 omnibus
1210 3577 1288 3634 buius
1303 3578 1383 3649 regni

114 3664 243 3722 declasiis
257 3670 434 3739 prospectum
450 3663 487 3719 ait
507 3663 542 3720 de
562 3664 661 3720 mensis
677 3664 808 3736 congruis
828 3669 856 3718 et
871 3663 1032 3720 decentibus
1049 3664 1083 3719 ad
1101 3663 1210 3719 Coenae
1225 3661 1384 3719 llominioac

114 3750 339 3819 celebrationem
355 3748 496 3805 statuimus
510 3757 538 3804 et
552 3748 719 3820 ordinamus,
737 3758 765 3805 ut
779 3748 891 3806 eaedem
908 3749 1017 3805 blancae
1029 3747 1227 3805 convenienter
1238 3755 1266 3803 et
1281 3747 1384 3803 decore

114 3843 324 3907 rearmatur,
348 3841 377 3890 ct
398 3833 513 3890 subinde
536 3834 708 3908 reiciantur,
728 3852 760 3891 ac
774 3841 899 3906 tempore
915 3832 1000 3888 divini
1016 3834 1103 3889 cultus
1119 3833 1278 3904 operiantur
1292 3838 1385 3904 tapete

114 3940 142 3978 rx
157 3921 269 3986 serico,
294 3919 353 3976 sive
368 3935 403 3974 ex
418 3917 470 3974 alia
489 3921 617 3988 materia,
639 3937 707 3993 quae
724 3936 774 3993 per
792 3919 846 3975 loci
863 3917 1033 3976 ordinarium
1049 3916 1150 3994 (sicubi
1161 3917 1196 3974 de
1212 3932 1246 3973 eo
1260 3917 1385 3989 quaestio

114 4008 227 4081 uniatur)
240 4021 365 4077 congrum
382 4012 410 4058 et
421 4005 523 4061 decora
535 4004 708 4076 iudicabitur,
722 4007 783 4078 ipso
799 4013 886 4061 autem
899 4002 1141 4060 administrationis
1156 4007 1281 4073 tempore
1295 4017 1385 4074 panno

114 4094 182 4150 liaeo
207 4090 310 4149 mundo
326 4088 424 4165 (prout
447 4090 495 4146 tali
516 4091 630 4146 Mensae
646 4087 792 4163 convenit)
808 4091 974 4158 vestiantur,
991 4102 1096 4159 suoque
1111 4095 1189 4144 certo
1212 4089 1276 4144 loco
1290 4088 1384 4143 consi-

114 4186 189 4248 start,
206 4177 260 4234 aiei
276 4193 336 4234 cam
353 4176 557 4232 Sacramentum
574 4176 627 4231 erit
646 4175 896 4245 administrandum,
913 4192 966 4246 quo
981 4173 1089 4244 quidem
1105 4180 1231 4247 tempore
1245 4173 1272 4228 in
1288 4171 1385 4231 Eccle-

114 4264 156 4334 sia,
171 4266 217 4321 rel
232 4262 355 4321 eiusdem
372 4261 505 4317 (torcello
521 4261 559 4316 ita
575 4262 791 4331 constituentur,
818 4268 848 4318 ut
863 4269 917 4317 tum
937 4258 1059 4316 llinister
1074 4259 1145 4315 inter
1160 4257 1341 4330 praeeundum
1357 4265 1387 4314 at

114 4347 346 4408 administrandam
364 4346 533 4403 commodius
549 4346 665 4419 possita
683 4346 947 4404 communicantibus
959 4343 1098 4413 exaudiri,
1114 4351 1169 4399 tum
1184 4343 1332 4400 commanis

114 4443 149 4493 tes
161 4436 242 4493 etiam
257 4432 467 4492 convenientius
483 4439 510 4488 et
527 4432 630 4490 maiore
645 4450 758 4490 numero
773 4449 789 4488 a
803 4431 925 4488 llinistro
941 4431 1143 4487 Sacramentum
1162 4427 1296 4502 parcipcm

114 4539 187 4597 super
201 4527 332 4579 statutum
347 4527 374 4575 et
392 4518 532 4575 decretum
546 4519 591 4590 sit,
606 4526 634 4573 ut
646 4521 800 4590 Decalogus
813 4518 941 4591 pingatur
954 4517 983 4574 iu
999 4513 1131 4572 Orientali
1145 4513 1264 4603 oniasqau
