2992 4926
716 235 764 309 et

114 442 243 512 cuatus
271 438 428 515 veritatis
455 446 490 512 et
509 438 657 514 institiae
681 450 762 515 tuae
784 438 912 514 robore
932 437 1155 539 pessundans.
1189 439 1304 539 Atque
1322 441 1369 515 ita

114 551 172 632 ut,
192 551 232 613 ut
254 546 368 617 omnis
390 545 541 641 potentia
569 553 604 617 et
626 544 794 619 celsitudo
817 568 856 620 se
879 544 1012 640 gloriae
1035 556 1115 618 tuae
1135 566 1314 643 opponens
1335 548 1369 618 in

114 644 174 720 lies
193 644 395 721 destruuntur
414 657 515 744 atque
535 646 732 740 aboleatm‚
759 648 870 722 donec
890 672 1033 743 regnum
1053 660 1147 722 tuum
1170 652 1241 725 suls
1264 652 1370 723 omui-

114 769 167 824 ous
198 752 355 826 numeris
390 751 603 849 compleatur
635 756 777 850 eiusque
808 752 977 849 perfectio
1003 754 1137 851 penitus
1168 753 1370 845 stabiliatur,

114 876 204 951 quum
226 853 395 927 videlicet
414 855 522 927 iudex
547 858 581 927 in
608 878 755 955 persona
785 856 862 929 Filii
888 858 937 928 tui
959 855 1182 954 comparabis.
1235 856 1281 932 Ut
1305 880 1370 934 nos

114 978 170 1031 nnn
194 980 274 1030 cum
298 957 455 1034 omnibus
485 961 652 1034 creaturis
677 982 795 1033 varam
824 960 1029 1057 plenamque
1057 958 1286 1034 obedientiam
1311 960 1370 1036 tibi

114 1070 336 1160 praestemus,
360 1064 450 1137 sicut
471 1061 643 1137 coelestes
660 1064 789 1159 Angeli
810 1066 859 1136 tui
880 1063 1094 1160 exequendis
1114 1063 1279 1139 mandatis
1305 1067 1371 1140 tuis

114 1166 168 1241 toti
197 1176 276 1241 sunt
303 1165 439 1239 addicti.
492 1168 609 1263 atque
640 1170 686 1240 ita
714 1167 874 1241 voluutas
906 1177 962 1239 tua
990 1168 1126 1239 nemine
1158 1179 1372 1264 repugnante

114 1266 277 1360 obtineat,
300 1291 489 1365 omnesque
509 1270 570 1342 tibi
589 1269 733 1367 obsequi
753 1281 856 1368 taque
871 1270 989 1343 colere
1009 1269 1185 1360 studeant‚
1211 1274 1372 1370 propriae

114 1370 273 1447 voluntati
291 1371 517 1468 omnibusque
540 1376 653 1447 caruis
673 1397 756 1449 suae
775 1372 1010 1472 cupiditatibus
1034 1375 1283 1449 renunciantes.
1326 1374 1372 1450 Ut

114 1496 171 1550 uos
192 1497 345 1551 amorem
369 1478 596 1573 timoremque
615 1481 662 1551 tui
684 1481 718 1550 in
736 1477 892 1551 omnibus
913 1480 1005 1551 vitae
1023 1488 1162 1551 nostrae
1181 1478 1371 1555 actionibus

114 1580 292 1655 retinentes
317 1604 382 1679 pro
411 1579 619 1675 benignitate
645 1591 703 1654 tua
731 1582 822 1673 alas,
856 1604 897 1654 ac
929 1581 1047 1674 nobis,
1082 1604 1306 1679 quaecuuque
1329 1580 1372 1657 ad

115 1682 316 1757 uescendum
346 1686 460 1781 quiete
495 1693 529 1756 et
562 1686 745 1782 tranquille
778 1707 866 1782 pane
899 1695 1018 1759 nostro
1050 1687 1247 1758 necessaria
1282 1696 1372 1778 sunt,

114 1783 275 1861 sufficiasa
307 1811 376 1885 quo
410 1796 444 1859 te
470 1791 579 1862 nostri
605 1810 721 1861 curam
751 1811 877 1883 gerere
904 1788 1061 1862 videntes
1088 1788 1210 1863 melius
1236 1788 1372 1864 Patrem

114 1900 257 1963 nonnum
287 1912 537 1986 agnoscamus,
567 1895 748 1990 omniaque
770 1893 861 1965 bona
888 1916 908 1965 e
934 1914 1035 1964 manu
1056 1902 1112 1965 tua
1136 1903 1372 1989 expectemus,

114 1992 188 2065 nibil
211 1994 356 2092 ampbus
379 1997 453 2090 spei
476 2005 511 2066 et
530 1994 675 2068 fiduciae
703 1996 825 2068 inulla
848 2006 1024 2085 creatura,
1050 1995 1111 2067 sed
1134 2004 1237 2068 totam
1260 1999 1373 2069 intua

114 2096 258 2171 bonitate
286 2097 511 2171 collocantes.
566 2096 636 2170 lam
666 2121 752 2171 vero
784 2101 943 2194 quoniam
974 2099 1007 2168 in
1043 2095 1106 2168 bac
1137 2098 1274 2171 mortali
1302 2100 1373 2172 vita

114 2202 222 2275 miseri
246 2211 453 2297 peccatores
476 2222 611 2292 sumus,
638 2211 729 2273 tanta
753 2201 984 2274 imbecillitate
1008 2199 1204 2277 laborantes
1226 2212 1262 2274 ut
1288 2204 1373 2277 assi·

114 2302 174 2377 due
200 2300 393 2377 diffluamus
416 2313 451 2375 et
476 2327 495 2376 a
518 2316 613 2378 recta
636 2308 692 2377 via
711 2304 941 2395 declinemus,
967 2314 1110 2402 peccata
1134 2314 1252 2381 nostra
1273 2305 1373 2382 nobis

114 2406 305 2481 condonare
327 2408 496 2502 digneris,
525 2430 670 2505 quorum
695 2411 746 2480 rei
768 2409 857 2506 apud
879 2420 973 2482 tuum
995 2408 1154 2481 iudicium
1180 2431 1316 2499 sumus3
1338 2417 1374 2484 et

114 2533 169 2610 per
187 2510 278 2584 banc
297 2510 583 2585 condonationem
600 2535 694 2585 nexu
715 2515 833 2587 mortis
854 2521 1036 2602 aeternae,
1064 2534 1201 2609 quoque
1221 2512 1374 2588 obstricti

114 2637 241 2706 tumus,
268 2612 463 2689 liberemur.
506 2613 560 2688 Ne
586 2618 688 2710 igitur
715 2638 808 2711 eam,
836 2639 902 2714 qua
929 2615 1074 2714 praediti
1099 2638 1233 2708 snmus,
1253 2618 1373 2715 nequi-

114 2719 184 2793 ten
204 2716 307 2795 nobis
328 2722 492 2816 imputas3
520 2719 803 2816 quemadmodum
825 2722 908 2817 ipsi,
932 2718 1090 2792 mandato
1113 2729 1171 2792 tuo
1199 2731 1372 2817 parentes,

114 2824 323 2913 mariarum,
341 2846 429 2920 quae
445 2823 543 2898 nobis
560 2822 768 2911 inferuntur,
788 2822 1040 2913 obliviscimur,
1058 2846 1099 2894 ac
1114 2833 1242 2896 tantum
1262 2822 1372 2913 abest,

114 2937 141 3001 ut
159 2926 206 3001 de
227 2926 438 3002 ulciscendis
460 2926 614 3000 hostibus
633 2928 843 3020 cogitemus,
870 2937 908 3000 ut
931 2930 1030 2998 etiam
1053 2926 1231 2999 commoda
1253 2948 1371 3000 eorum

114 3050 340 3127 procuremus.
375 3027 413 3101 ln
429 3042 604 3128 posterum
624 3030 771 3126 denique
788 3053 852 3104 nos
868 3039 925 3102 tna
943 3032 1094 3127 potentia
1112 3029 1235 3103 fulcire
1254 3029 1372 3125 digna-

114 3135 172 3224 ris,
199 3153 247 3206 ne
279 3129 384 3230 (qnae
418 3143 471 3208 est
504 3137 617 3207 carnis
651 3145 790 3210 nostrae
818 3130 1007 3228 infirmitas)
1041 3132 1248 3208 excidamus.
1303 3135 1371 3224 Ac,

114 3259 207 3333 qnam
234 3247 306 3309 tam
332 3241 400 3311 sint
432 3237 624 3311 imbecillae
656 3241 750 3311 vires
779 3248 918 3311 nostrae
952 3246 989 3308 ιιι
1021 3258 1065 3309 ne
1096 3235 1139 3308 ad
1164 3246 1371 3311 momentum

114 3340 240 3437 quidem
274 3344 439 3437 temporis
474 3342 663 3415 consistere
695 3344 884 3439 possimus,
920 3350 1101 3437 praeterea
1134 3343 1235 3413 etiam
1269 3363 1371 3437 quum

114 3444 241 3519 annue
264 3453 318 3517 tot
335 3444 452 3518 hostes
474 3465 539 3518 nos
558 3445 768 3517 circumdent
786 3455 820 3516 et
842 3443 1058 3534 adoriantur,
1079 3466 1180 3539 quum
1202 3442 1371 3529 diabolus,

114 3547 268 3639 naudus,
294 3559 494 3645 peccatum,
518 3570 600 3620 caro
621 3559 758 3639 nostra,
779 3547 910 3621 nullum
927 3545 1053 3620 faciant
1069 3569 1135 3622 nos
1153 3543 1372 3645 oppugnandi

114 3648 226 3746 inem,
259 3660 379 3727 sancto
405 3664 462 3726 tuo
491 3650 618 3750 Spiritu
640 3674 705 3725 nos
733 3650 921 3724 corrobora
943 3661 1091 3748 tuaeque
1117 3654 1249 3747 gratiae
1273 3648 1372 3724 donis

114 3778 218 3846 mma,
240 3766 279 3828 ut
300 3766 498 3832 constanter
525 3755 680 3829 omnibus
706 3754 946 3829 tentationibus
965 3757 1129 3830 resistere
1155 3763 1189 3825 et
1211 3750 1278 3825 hoc
1304 3755 1371 3850 spi-

114 3860 228 3933 rituale
248 3860 416 3957 praelium
438 3862 610 3933 sustinere
631 3862 820 3956 possimus„
844 3860 955 3931 donec
979 3861 1081 3955 plena
1103 3858 1248 3929 victoria
1273 3861 1372 3954 potiti

114 3963 241 4035 antem
267 3962 451 4060 aliquando
478 3967 514 4035 in
536 3973 596 4035 tuo
625 3983 735 4057 regno
764 3982 839 4033 cum
861 3954 1078 4058 'Imperatore
1105 3970 1139 4033 et
1167 3960 1371 4034 Protectore

114 4075 224 4143 nostro
249 4063 330 4141 lesa
358 4064 513 4159 cbristo,
538 4064 687 4139 Domino
710 4074 851 4157 nostro,
877 4063 1129 4161 triumphemus.
1171 4064 1292 4140 Amen.
1309 4059 1336 4153 ¹)

118 4290 301 4305 -—

188 4436 219 4519 1)
239 4439 301 4497 lton
314 4455 383 4514 opus
400 4444 461 4514 est,
481 4446 510 4499 ut
528 4456 652 4500 moneam
667 4441 695 4500 in
710 4441 770 4517 bis,
792 4457 860 4515 quae
880 4456 962 4518 supra
981 4440 1124 4516 leguntur,
1146 4439 1289 4499 exhibitam
1307 4458 1370 4501 esse

114 4526 248 4587 inbonis
260 4525 411 4585 dominicae
425 4527 613 4603 paraphrasin,
