3022 4920
722 229 799 299 300

119 428 191 490 simo
206 425 366 490 llnstremin
388 427 508 507 loquar,
531 426 743 507 sapientissima
759 427 858 507 regina
879 428 1029 491 latioribus
1047 428 1177 491 terminis
1199 446 1284 510 quau
1304 427 1382 490 Gens

119 549 226 592 nenses
261 530 411 609 religionis
448 529 641 591 emendandae
668 531 807 592 rationem
836 529 1044 607 concludebat,
1076 531 1263 612 priorumque
1297 548 1383 592 saecu·

120 631 213 694 tonum
250 634 346 712 potins
383 651 467 713 quum
497 632 708 695 Genenensium
739 631 901 711 exemplum
938 633 1040 693 imitari
1069 631 1197 695 volebat.
1247 630 1383 693 Placebant

119 733 237 814 insuper
264 736 334 795 ritras
367 733 529 813 ecclesiae,
557 733 682 796 Eduardi
715 743 808 796 aetate
834 733 900 814 plus
921 735 998 796 insto
1022 733 1149 797 diminuti
1170 743 1261 816 atque
1280 735 1308 797 ia
1328 749 1382 794 con

120 836 307 918 temptionem
328 836 452 898 adducti.
465 834 493 917 ¹)

206 969 405 1050 Quapropter,
437 970 483 1029 ulti
518 977 676 1029 conventus
705 966 834 1029 ordinum
856 965 936 1028 xvll
959 966 1042 1028 llart.
1069 985 1144 1028 anno
1176 965 1258 1030 1559
1285 967 1383 1048 legibus

119 1071 242 1135 Eduardi
265 1073 342 1151 regia
375 1071 583 1132 ecclesiasticis
611 1072 640 1131 in
669 1071 814 1150 pristinam
844 1070 1008 1149 dignitatem
1031 1071 1188 1147 restitutis,
1212 1072 1381 1132 summumir

119 1174 207 1236 rebus
229 1174 319 1235 sacris
342 1173 491 1252 imperium
513 1170 717 1250 (supremacy)
740 1172 841 1232 iterum
863 1168 898 1230 ad
921 1189 1021 1248 regem
1043 1169 1225 1248 detulerunt,
1247 1180 1277 1232 et
1294 1169 1381 1232 lione

119 1294 225 1337 nenses
249 1283 278 1334 et
299 1272 488 1335 Genevenses
512 1273 636 1349 aelatae,
661 1272 765 1353 quibus
793 1269 944 1351 postmodo
974 1270 1170 1332 Puritanorum
1198 1290 1301 1334 nomeu
1326 1271 1380 1332 iudi·

120 1388 178 1438 tum
209 1387 270 1453 est,
305 1375 506 1451 intellexerunt
531 1377 624 1436 omnia
647 1392 732 1434 secus
759 1374 921 1451 cecidisse,
955 1382 1042 1452 atque
1076 1375 1156 1434 initio
1186 1381 1379 1455 expectassent.

119 1479 220 1541 llablta
243 1479 316 1538 enim
340 1476 455 1556 publica
476 1476 670 1556 disputatione
692 1474 787 1538 XXXI
811 1473 894 1536 llart.
926 1482 955 1534 et
977 1474 1166 1554 sequentibus
1195 1473 1297 1536 diebus
1320 1473 1379 1534 seili-

122 1589 169 1641 cet
196 1581 225 1639 in
245 1597 301 1657 qua
323 1577 552 1638 Romanensiltns
574 1580 701 1658 pessime
737 1584 947 1656 propugnatum
975 1582 1039 1651 est,
1067 1574 1109 1635 ‘alr
1142 1573 1291 1636 ordinibus
1317 1575 1381 1652 regri
1421 1564 1423 1569 ’

122 1680 314 1741 confirmatum
338 1687 383 1739 est
404 1679 604 1741 uniformitatis
625 1680 772 1740 decretum
791 1674 851 1754 (An
869 1675 924 1735 Act
948 1675 994 1735 lor
1015 1675 1065 1737 the
1087 1676 1254 1754 uniformitg
1269 1677 1302 1738 ol
1313 1674 1379 1737 Gon·

121 1800 188 1843 mon
209 1780 315 1858 Prayer
336 1780 390 1842 and
418 1781 538 1842 Seruice
564 1784 592 1842 in
623 1781 671 1842 tlre
694 1779 808 1842 clarel
836 1778 890 1839 and
916 1779 964 1840 the
983 1777 1208 1840 administration
1229 1780 1264 1840 ol
1281 1780 1328 1841 tlne
1343 1780 1379 1838 Sr-

98 1876 279 1963 ·e'raments)
301 1882 378 1963 quod
400 1891 480 1943 recte
495 1882 602 1944 dixeris
624 1901 719 1943 rerum
740 1881 936 1959 liturgicarum
956 1882 983 1940 in
1006 1879 1109 1960 Anglia
1130 1880 1225 1942 solnm
1247 1900 1283 1943 ac
1302 1878 1379 1941 inad-

120 1993 254 2045 mentnm.
299 1981 360 2044 Hac
385 1983 572 2044 celeberrima
594 1983 661 2062 lege
684 1982 778 2044 denne
802 1983 942 2042 sancitum
970 1990 1016 2042 est
1037 1980 1163 2061 Rituale,
1186 1981 1311 2044 Eduardi
1328 1992 1379 2042 ten·

122 2103 193 2166 pore
223 2084 349 2145 secunda
383 2085 447 2144 vice
481 2084 585 2145 editum
618 2103 693 2145 nnnc
726 2083 817 2145 tertiis
842 2083 919 2145 curis
949 2082 1124 2145 ahsolutum:
1160 2084 1223 2148 Tire
1256 2085 1337 2148 emt
1359 2082 1384 2161 ol

122 2186 265 2250 Conamen
288 2185 408 2267 Proper
427 2189 493 2247 ared
514 2187 762 2249 demonstratione
782 2187 820 2266 of
836 2187 884 2248 tlte
906 2186 1111 2248 Sacramenta
1132 2188 1199 2249 and
1220 2189 1307 2250 otder
1323 2189 1383 2248 ritas

120 2288 185 2353 ond
205 2289 392 2349 ceremoniea
413 2289 445 2347 in
464 2287 513 2348 tlte
531 2285 655 2349 Cleareta
675 2289 710 2367 ns
720 2284 876 2367 Enplond.
913 2287 1045 2351 Mndiasi
1058 2291 1091 2350 in
1106 2289 1236 2368 officina
1250 2287 1384 2352 mvtcrd

81 2400 85 2407 '
120 2389 217 2469 lappe
244 2397 273 2450 et
300 2386 448 2450 [addianis
471 2385 608 2450 Cuwude
637 2408 706 2450 cans
722 2391 886 2469 privilegio
905 2389 1023 2470 Rspice
1046 2387 1225 2470 dlojestctis
1253 2412 1284 2454 a.
1318 2386 1385 2450 lntt

121 2488 201 2570 (ΕΙ.)
216 2489 248 2570 2)
270 2524 305 2532 —-
330 2487 413 2548 simul
436 2490 613 2567 gravissimis
635 2491 738 2569 poenis
760 2499 889 2570 cautum,
911 2510 948 2551 ne
966 2490 1049 2553 aliam
1070 2491 1213 2571 liturgiam
1235 2493 1385 2555 sacerdotes

121 2601 310 2670 sequerentur
333 2600 399 2670 post
421 2590 601 2652 Nativitatem
624 2592 655 2653 S.
677 2590 791 2654 loannis
815 2593 906 2656 1559.
959 2593 996 2653 At
1017 2610 1087 2654 vero
1113 2613 1177 2655 cum
1197 2595 1248 2658 illa
1270 2596 1385 2674 „unilor-

122 2694 250 2753 mitatis“
280 2690 326 2750 lex
356 2693 384 2750 in
406 2690 531 2751 ecclesia
553 2690 712 2770 Anglicano
734 2699 870 2775 maj0rem
892 2696 996 2757 habeat
1014 2697 1233 2775 auctoritatem,
1265 2717 1346 2779 qnam
1365 2704 1388 2755 nt

123 2795 151 2855 in
173 2792 283 2854 Codice
303 2800 404 2853 nostro
423 2793 514 2853 omitti
536 2802 632 2872 queat,
657 2813 718 2856 eam
739 2797 884 2859 hocloco
908 2798 1124 2861 exscribendam
1143 2802 1315 2863 curavimus.

130 2957 337 2968 -υ-η--ι

209 3051 237 3126 t)
259 3055 357 3110 Notum
373 3059 425 3122 est,
440 3050 562 3121 reginam
578 3051 699 3108 l’arliero
716 3051 838 3108 antistite
848 3051 1038 3109 Cantauriensi
1053 3053 1154 3111 aeriter
1165 3063 1338 3127 repugnante
1352 3073 1389 3112 re·

120 3141 235 3198 tinuisse
250 3140 276 3193 in
293 3138 397 3194 sacello
419 3151 470 3191 sno
493 3136 637 3207 imaginem
661 3136 789 3194 crucifixi
805 3155 864 3194 cum
879 3138 1050 3194 candelabris
1066 3146 1146 3211 atque
1163 3140 1304 3212 candelis,
1325 3142 1386 3197 adea

120 3226 254 3282 inimicam
276 3224 360 3279 luisse
381 3222 512 3291 coningio
529 3222 704 3292 clericorum,
719 3224 901 3280 iconoclastis
923 3231 975 3284 etc.
1012 3223 1137 3281 tannen
1152 3224 1234 3283 iussit
1253 3228 1307 3283 iam
1322 3244 1386 3282 enno

122 3312 207 3380 1558,
224 3309 383 3380 pericopes,
400 3308 552 3362 orationem
568 3307 747 3379 dominicum,
762 3310 935 3379 Symbolum,
952 3309 1047 3366 decem
1061 3317 1210 3384 praecepta
1225 3319 1254 3369 et
1270 3313 1389 3370 Litaniuu

121 3395 232 3453 recitari
248 3394 366 3465 anglice.
386 3392 451 3448 ltenr
467 3393 614 3463 abrogavit
630 3396 811 3451 elevationem
827 3396 943 3453 hostiae.

204 3509 237 3589 2)
256 3509 404 3580 liturgica!
417 3509 544 3566 Servieea
561 3528 584 3566 r.
597 3512 732 3583 liturgias
748 3512 801 3569 and
811 3514 985 3569 occassionel
995 3515 1089 3571 Forma
1106 3517 1138 3571 oi
1150 3516 1256 3585 Preger
1272 3523 1315 3571 aet
1330 3515 1392 3571 lertl

121 3601 146 3654 iu
162 3598 303 3668 thelleign
319 3597 351 3652 ol
363 3595 456 3662 Quaen
466 3595 606 3651 Elisabeth
622 3605 675 3654 ete.
692 3598 822 3667 byWelt.
836 3598 1173 3669 licutingectuyiulond.
1188 3600 1392 3672 tettpnttsqp.

120 3684 198 3740 Omni
213 3684 305 3740 studio
321 3689 348 3737 et
365 3681 530 3737 auctoritate
546 3681 572 3737 in
590 3683 686 3738 librum
702 3683 851 3755 diligenter
867 3685 1080 3756 percurrendum
1099 3703 1131 3741 ac
1148 3685 1346 3754 corrigendum
1360 3686 1390 3740 in·

119 3769 268 3825 cubuerant
283 3769 437 3836 l’arlserus,
458 3767 661 3824 Centauriensis
676 3769 840 3842 episcopus,
857 3769 984 3839 Grindal‚
1007 3771 1120 3843 posthac
1145 3770 1195 3843 Ep.
1213 3772 1393 3835 londinensis,

120 3854 288 3925 l’ilkington‚
305 3854 347 3910 cni
363 3852 563 3908 llumelincneis
579 3853 660 3908 sedes
675 3853 765 3909 deleta
784 3863 842 3922 eat3
864 3856 934 3924 Gon,
952 3863 1048 3927 postea
1071 3856 1163 3929 llpisc,
1181 3856 1312 3925 Eliensisn
1329 3857 1392 3924 tlon,

119 3941 242 3995 llacunus
256 3939 290 3994 ad
306 3940 333 4000 S.
351 3939 458 3994 Paulum
475 3938 683 4008 londinensem,
701 3939 761 4008 titt,
778 3941 952 4013 Praepositae·
968 3941 1125 4011 Etonansis,
1141 3942 1321 4004 Wlnitelaead,
1336 3941 1392 3997 oliu

119 4025 212 4081 Annae
226 4026 340 4094 reginae
364 4025 539 4093 Sacellumm,
556 4032 698 4097 practerea
711 4026 827 4081 Thomas
842 4026 944 4097 snitu,
968 4027 1007 4081 rei
1025 4027 1150 4098 publicae
1165 4026 1391 4084 administrandas

120 4111 307 4180 peritissimae.
330 4109 459 4166 Consiliis
474 4111 559 4166 sacris
579 4109 757 4183 praesederat
771 4112 891 4167 llnrclnio
902 4111 1199 4185 Nortlnemptonieusis,
1217 4114 1317 4170 comes
1330 4110 1390 4168 flea-

121 4195 279 4265 toeniensis,
295 4195 366 4251 dohn
381 4196 453 4264 Grey
469 4213 501 4250 ac
517 4194 673 4252 Gnilielmua
688 4197 772 4260 Gecll.
