2992 4926
661 118 735 190 stt

150 318 327 417 lpnbliab
354 318 413 392 tbc
439 318 554 394 Banns
580 319 620 392 ol
640 317 813 410 Marriage
839 317 1002 392 between
1028 322 1072 394 dl.
1101 319 1267 395 ol-aud
1292 326 1336 397 N.

14 410 169 494 ΟΒ.
220 420 255 493 li
275 444 345 520 any
369 421 410 495 ol
428 445 499 517 you
523 422 632 495 know
657 444 779 509 cause,
816 444 857 492 or
880 423 953 511 just
982 424 1221 519 impediment,
1254 425 1338 522 wby

28 548 274 581 χ-μ

14 616 187 701 'Mula
203 640 423 699 ”nuntiationis
446 656 500 697 nou
523 640 630 698 adiecta
652 648 703 697 cst.
733 640 809 697 Am:
829 641 885 697 Tbc
905 641 972 697 lawa
995 646 1156 719 respecting
1176 649 1338 719 llatrimouy

17 716 189 785 'hue
207 727 244 797 bp
258 726 417 799 publishing
437 728 483 782 tbe
498 726 586 781 llanns
607 728 634 782 in
651 726 789 782 Cburcbes
807 742 839 781 or
854 726 892 793 by
906 726 1038 797 licence,
1061 730 1145 804 being
1165 733 1292 792 dillereut
1309 734 1337 791 in

18 792 111 873 ..t
123 814 234 871 several
251 819 353 880 statcs3
371 828 457 881 every
472 811 593 867 Minister
608 811 633 867 is
648 812 696 866 loll
713 817 740 866 to
755 812 801 867 tbe
817 810 952 867 directiou
967 812 998 867 ol
1011 814 1089 870 tbese
1103 818 1192 887 Laws,
1211 820 1238 875 iu
1253 836 1339 889 every

24 878 140 971 *ian
157 900 216 955 tbat
237 898 354 968 regards
376 897 422 952 lbe
437 896 500 952 civil
516 904 642 953 contract
664 896 790 951 between
807 896 852 952 the
868 896 980 956 Parties.
1011 897 1072 954 ssu
1092 903 1172 959 when
1188 904 1233 960 the
1250 904 1338 962 nenne

29 980 113 1041 'Fe
129 982 294 1057 publisbcd,
310 984 332 1038 it
347 982 418 1039 sbsll
433 982 467 1037 bo
482 982 509 1037 iu
524 982 569 1037 tbe
586 982 732 1052 following
748 982 834 1037 lorus:
852 982 863 1037 l
878 981 985 1054 publisb
1002 986 1050 1039 ιο.

148 1070 245 1125 canon
262 1068 362 1124 xctlt:
380 1067 465 1123 Nemo
481 1066 678 1123 listrimoninm
694 1067 839 1124 contrsbat
856 1066 927 1123 intra
943 1067 1044 1139 gradus
1059 1069 1152 1129 divino
1167 1073 1226 1130 iure
1242 1075 1336 1147 probi·

26 1136 152 1217 bians,
171 1170 205 1211 ac
221 1167 386 1228 expressos,
403 1154 429 1208 iu
444 1152 534 1207 tabula
550 1152 664 1225 quadam
680 1170 714 1208 en
729 1151 894 1208 autboritatc
907 1152 1033 1225 publica,
1051 1155 1132 1214 dano
1147 1159 1253 1215 Domini
1271 1160 1338 1215 1563

25 1238 151 1302 tettan
167 1236 486 1309 omniaqueilatrimonia
503 1237 594 1294 taliter
609 1244 762 1305 contracta,
777 1238 882 1294 incesta
899 1245 926 1292 et
940 1236 1081 1309 illegitima
1095 1242 1295 1314 iudicabuntur,
1309 1251 1338 1300 et

24 1324 180 1389 Proinde
196 1322 240 1399 (nt
260 1324 294 1378 ab
315 1322 395 1377 initio
417 1337 518 1392 vacua,
538 1322 598 1379 siue
619 1322 704 1397 sulla)
725 1322 930 1391 dissolventur,
953 1330 1099 1399 partesque
1121 1330 1158 1385 ita
1176 1329 1338 1385 coniunctae

28 1418 107 1477 per
124 1408 197 1465 iuris
219 1423 380 1481 processum
394 1408 602 1481 separabuntur.
631 1406 756 1463 Tabulam
772 1414 861 1463 autem
876 1407 1042 1480 praedictam
1059 1412 1086 1467 in
1110 1413 1226 1486 siugulis
1240 1414 1336 1471 Eccle-

30 1494 105 1551 tiis
123 1494 358 1551 Parocbianornm
373 1492 523 1564 sumptibus
539 1491 648 1564 publice
670 1493 806 1565 proponi,
834 1500 915 1566 atque
931 1494 1007 1564 elligi
1025 1498 1157 1559 volumus,
1194 1500 1287 1556 ennon
1303 1498 1337 1555 ος

32 1574 148 1637 uuis·
168 1576 267 1635 liberis
282 1573 342 1651 (qui
363 1576 519 1634 uicesimum
539 1577 653 1651 primum
675 1578 773 1634 aetatis
793 1593 859 1645 suae
880 1594 977 1635 anuum
993 1580 1110 1639 uondusn
1125 1584 1338 1659 compleverint)

37 1664 165 1736 tbsqsm
181 1678 320 1720 consensu
334 1669 488 1734 pareatum,
501 1668 548 1719 aut
563 1659 713 1737 (deiunctia
730 1656 902 1735 parentibus)
918 1668 1036 1720 tutorum
1051 1667 1109 1724 sise
1123 1670 1338 1740 gubernatorum

44 1765 193 1818 taurum,
209 1747 340 1818 coniugia
352 1746 412 1803 sive
428 1746 567 1819 sponsalia
582 1747 675 1804 licebit
689 1748 861 1809 contrahere.
892 1747 985 1804 Canon
998 1748 1045 1805 cl:
1064 1750 1139 1808 Nulla
1154 1753 1182 1810 iu
1197 1762 1339 1827 posterum

44 1834 190 1891 tacuisse
212 1832 272 1889 sinc
293 1830 479 1903 indulgentia,
504 1847 555 1903 pro
571 1830 743 1887 ilatrimonio
762 1833 865 1904 absque
880 1832 949 1887 trina
965 1832 1116 1891 bannorum
1132 1836 1339 1896 denunciatione

47 1920 150 1987 (insta
166 1916 266 1975 librum
280 1912 434 1991 liturgiae)
455 1916 525 1972 inter
545 1917 683 1988 quoslibet
704 1916 887 1985 celebrando,
912 1931 962 1989 per
985 1920 1106 1989 quamtis
1124 1922 1338 1979 iurisdictionem

59 2002 290 2059 necteiassiesm
305 2007 495 2070 exercentem,
518 2002 562 2057 vel
578 2001 722 2075 privilegia
738 2002 792 2057 ulla
807 2000 949 2057 Ecclesiae
966 2018 1032 2057 suae
1049 2007 1157 2062 nomine
1171 2007 1224 2063 sibi
1241 2006 1337 2064 sendi-

59 2096 189 2157 cautesn,
210 2086 263 2143 nisi
286 2092 387 2143 tentum
407 2102 458 2159 pcr
479 2102 546 2156 eos,
571 2086 615 2159 qui
635 2085 828 2158 Episcopalem
849 2085 1039 2143 authoritatem
1063 2090 1201 2162 obtinent,
1223 2092 1267 2149 rel
1287 2108 1338 2165 per

60 2172 286 2231 Commissariu·
302 2170 337 2226 ad
351 2172 521 2241 Facultates,
545 2173 588 2227 sel
611 2172 679 2227 sede
700 2172 779 2243 plena
801 2185 852 2241 per
868 2170 1077 2246 drobiepisoopi
1099 2183 1125 2230 et
1141 2175 1338 2249 Episcoporuun

60 2259 193 2315 vicarios
208 2256 373 2330 (ieneralea,
390 2263 436 2312 aut
450 2256 517 2312 aede
533 2263 646 2314 iacente
663 2273 712 2328 per
730 2255 865 2312 custodes
880 2256 1096 2331 spiritualitatis,
1116 2262 1159 2316 sel
1176 2261 1338 2320 Ordinatioe

63 2344 260 2419 Episcopaleus
274 2341 489 2399 iurisdictionem
506 2341 541 2397 de
556 2342 615 2398 iure
630 2348 805 2411 exercentem
827 2347 855 2396 et
872 2356 926 2395 non
941 2358 991 2411 per
1005 2343 1076 2399 alios
1092 2346 1273 2417 concedetur;
1293 2346 1336 2402 id-

65 2445 116 2503 pus
138 2428 269 2486 duntaxat
289 2426 420 2497 illustris,
450 2443 483 2482 ac
504 2428 596 2483 clerae
616 2424 781 2483 conditionis
802 2424 972 2498 bominibus,
997 2444 1062 2485 snae
1078 2432 1233 2504 respective
1254 2424 1336 2489 iuris·

67 2514 178 2571 lintioni
198 2512 332 2582 subditis,
355 2512 517 2585 interposita
539 2512 620 2568 etism
642 2512 742 2568 idonea
767 2517 795 2566 et
816 2510 961 2567 sulllcienti
985 2516 1119 2575 cautione.
1158 2517 1250 2574 Canon
1274 2516 1336 2575 cll:

69 2600 139 2657 llis-ta
155 2598 247 2655 cantio
258 2597 433 2655 conditiones
443 2598 525 2655 basse
538 2598 744 2670 complectetur.
772 2595 862 2653 Primo
873 2596 946 2668 qnod
957 2602 1081 2673 tempore
1093 2598 1214 2659 eiusdem
1226 2604 1337 2676 dispem

70 2684 180 2741 sationis
193 2682 390 2740 concedendae
405 2683 505 2739 nullum
528 2683 621 2739 existit
642 2680 860 2755 impedimentum
879 2681 987 2739 ratione
1007 2692 1248 2760 praecontrectus,
1269 2703 1337 2745 con-

72 2768 273 2841 sanguinitatis,
288 2768 362 2824 alllni
375 2768 444 2839 atis,
460 2768 503 2823 ecl
518 2767 631 2824 alterius
645 2784 744 2823 causae
759 2766 940 2839 cuiuscunque
956 2768 990 2825 de
1005 2770 1065 2826 iure
1081 2774 1246 2844 prohibitae,
1263 2772 1337 2846 quod
1451 2834 1454 2843 ,

73 2854 137 2911 dieto
155 2853 334 2911 matrimonio
349 2869 513 2923 occurrere,
535 2860 581 2909 aut
596 2854 709 2908 obstare
723 2852 820 2925 possit.
848 2852 975 2909 Secundo
991 2855 1063 2927 qnod
1085 2856 1156 2912 nulla
1172 2867 1337 2915 controver-

74 2938 119 3011 sis,
142 2939 194 3011 lis,
211 2956 261 2997 ssu
276 2938 386 3010 querela
404 2945 477 2995 mota
491 2939 543 3009 sit,
566 2940 610 2994 sel
624 2936 743 3010 pendeat
757 2938 784 2991 in
799 2937 887 3009 aliqua
906 2936 985 2993 Curia
1002 2956 1094 2996 coram
1108 2942 1164 2997 ullo
1177 2942 1270 2999 ludios
1283 2942 1336 2998 Ec·

74 3024 221 3083 tlcsiastico
237 3040 322 3097 super
336 3024 428 3097 aliquo
451 3030 610 3093 contractu,
627 3024 672 3079 sel
695 3022 867 3079 matrimonio
888 3023 1045 3081 alterutrius
1066 3025 1198 3083 dictarum
1219 3026 1337 3101 partium

74 3126 120 3167 cssa
143 3110 199 3168 alia
217 3110 313 3183 quasis
337 3125 465 3182 persona.
496 3109 589 3164 Tertio
605 3108 678 3182 qnod
694 3115 835 3180 parentum
851 3107 948 3184 (modo
963 3109 999 3166 sit
1012 3110 1040 3167 in
1055 3110 1137 3187 aivis)
1154 3114 1197 3169 vel
1212 3112 1279 3169 nlias
1293 3120 1336 3171 tu·

73 3200 149 3255 brum
164 3196 228 3253 siue
241 3195 456 3267 gubernatorum
470 3210 581 3251 suorusn
596 3211 755 3266 expressum
771 3208 932 3250 consensum
947 3195 998 3250 bac
1013 3196 1041 3253 in
1056 3205 1134 3269 parta
1151 3199 1337 3260 obtinuerunt,

71 3278 207 3341 lustremo
220 3280 294 3354 qnod
310 3279 410 3336 dictum
425 3279 622 3337 llatrimonium
637 3280 665 3335 in
680 3279 803 3335 Ecclesia
819 3278 989 3351 sarcennati,
1006 3283 1049 3337 vel
1065 3282 1193 3357 Capella,
1208 3284 1255 3341 ubi
1268 3298 1335 3339 con·

68 3368 226 3425 trabentium
242 3366 312 3422 alter
327 3370 526 3433 commoratur,
542 3372 570 3420 st
586 3380 640 3421 non
655 3366 739 3434 alias,
760 3364 841 3436 idque
855 3364 965 3437 publice
980 3366 1007 3424 in
1023 3368 1094 3423 lacie
1107 3368 1252 3426 Ecclesiae
1267 3368 1338 3424 inter

61 3448 143 3511 boras
160 3458 288 3509 octavum
304 3458 332 3506 st
347 3451 532 3508 duodecimam
548 3451 679 3505 curabunt
695 3450 869 3506 solennisari.
908 3451 1001 3508 Canon
1016 3452 1086 3508 Clll:
1106 3454 1140 3509 Ut
1155 3458 1242 3510 omnis
1258 3452 1335 3509 deiu-

58 3550 124 3613 rsps
140 3538 220 3593 lrana
233 3542 262 3591 et
276 3536 356 3592 dolus
370 3536 398 3591 in
414 3533 570 3592 obtinendis
586 3535 717 3591 eiusmodi
733 3535 905 3591 facultatibus
922 3538 1053 3601 evitetur;
1069 3540 1210 3595 statuimus
1225 3538 1337 3610 insuper

55 3634 84 3681 et
97 3622 280 3693 ordina-us,
294 3622 368 3695 qnod
383 3626 446 3678 aute
461 3622 598 3677 obtentam
613 3621 767 3677 laenitatem
782 3634 833 3692 pro
849 3621 1018 3678 matrimonio
1033 3623 1135 3696 absque
1151 3624 1249 3679 llannis
1262 3622 1337 3678 cele-

52 3702 182 3777 brando,
205 3706 291 3765 ludici
311 3707 449 3763 constabit
469 3706 504 3763 de
525 3721 659 3779 expresso
681 3721 817 3761 consensu
837 3711 993 3777 pareutum,
1017 3708 1060 3763 vel
1082 3708 1204 3780 parantis
1228 3712 1336 3777 (eoram

51 3796 149 3853 abero
165 3789 313 3867 dalnncto)
331 3800 377 3849 aut
390 3798 508 3849 tutorum
523 3793 566 3847 sel
581 3790 696 3862 tutoris,
720 3807 770 3862 per
789 3792 965 3846 iuramentum
987 3793 1100 3848 duorum
1123 3794 1175 3849 ilde
1190 3792 1336 3863 dignorum

50 3880 184 3947 teatinus,
206 3893 322 3951 qnorum
346 3894 413 3934 nnus
434 3880 478 3933 vel
495 3876 578 3933 ludici
599 3878 668 3950 ipsi,
692 3876 734 3931 vel
757 3874 803 3931 elii
822 3873 935 3948 cuipism
952 3877 1041 3933 bonae
1056 3878 1264 3935 existimationis
1280 3884 1337 3937 tum

54 3964 202 4039 praesenti
218 3979 252 4020 ιο
267 3962 355 4019 eidam
370 3963 451 4018 eliam
466 3963 551 4018 ludici
567 3963 697 4034 cognito,
719 3978 771 4033 pro
787 3960 835 4016 tali
850 3960 1017 4017 innccescet.
1048 3962 1082 4017 Et
1098 3963 1211 4021 alterius
1226 3969 1254 4019 ut
1267 3964 1338 4019 altar

54 4050 281 4107 contrabentium
301 4048 478 4104 iuramentum
494 4049 606 4121 subeat,
630 4066 660 4103 se
682 4048 814 4111 credere,
839 4046 938 4101 nullum
956 4048 1103 4118 legitimum
1120 4048 1336 4121 impedimentum

54 4138 167 4193 ratione
189 4141 434 4207 praecontrectus,
457 4133 718 4204 consanguinitatis,
745 4132 900 4200 affinitatis,
927 4133 969 4189 vel
991 4134 1103 4190 alterins
1126 4151 1224 4190 causae
1246 4134 1337 4189 cuius·

52 4238 164 4295 munus
178 4219 215 4276 de
229 4219 290 4274 iure
304 4219 460 4290 prohibitae
474 4219 603 4287 obstare,
620 4220 772 4290 nullamque
788 4218 860 4274 litem
876 4224 921 4272 aut
936 4220 1153 4275 controversiam
1169 4219 1195 4274 in
1212 4220 1274 4275 loro
1286 4219 1337 4275 ali·

51 4325 108 4381 qao
124 4303 348 4373 Ecclesiastico,
373 4311 472 4360 molam
487 4320 566 4369 esse,
594 4319 648 4376 quo
671 4304 758 4361 minus
778 4305 877 4360 dictum
901 4304 1097 4359 matrimonium
1119 4304 1191 4360 iuxta
1214 4313 1336 4361 tenorem

49 4392 181 4453 eiusdem
196 4390 352 4461 lacultatis,
369 4389 404 4445 ad
419 4389 543 4447 ellectum
557 4390 700 4462 procedat.
