2992 4926
838 281 864 351 4

217 502 290 565 quae
307 481 461 563 Lntbems,
484 485 678 546 effervescens
700 482 729 544 in
746 478 885 558 dicendo,
908 479 1056 542 stomacho
1072 496 1162 559 saepe
1180 476 1382 559 iracundiaque
1397 475 1483 537 velue·

217 579 339 648 mentius
366 586 489 658 ebulliit;
513 589 541 647 in
565 585 678 666 Cinglio
705 603 739 647 ac
764 583 881 645 Calvino
904 584 1123 663 circumspectio
1147 591 1176 642 et
1198 591 1330 643 accurata
1353 577 1482 640 conside·

216 690 287 750 ratio
304 692 493 770 excogitavit,
517 688 627 750 subtilis
650 697 679 749 et
700 686 802 767 frigida
818 688 1023 766 argumentatio
1042 686 1186 766 probavit,
1212 703 1330 765 peracre
1351 683 1484 744 indicium

217 795 416 873 pronuntiavit.
435 794 463 874 ¹)
508 792 618 868 Quibus
647 792 740 852 causis
762 790 867 852 lactum
889 798 952 866 est,
985 797 1014 849 ut
1039 787 1176 849 liutherus
1200 788 1305 849 cultum
1329 787 1484 847 Romanum

216 894 301 974 longa
325 895 530 956 consuetudine
562 903 724 974 corruptum
752 902 781 954 et
807 893 990 973 depravatum
1019 893 1176 953 reformare
1204 892 1332 952 studeret
1361 899 1391 950 et
1424 906 1484 949 cor·

215 998 327 1076 rigere,
354 997 510 1058 Reformati
532 997 648 1058 abolere
669 997 807 1076 gestirent
826 1005 855 1055 et
879 995 1049 1074 obliterare,
1071 1015 1107 1056 ne
1130 995 1201 1055 odor
1223 994 1336 1074 quidem
1358 994 1422 1053 eins
1443 1009 1484 1051 rc·

216 1097 402 1178 linqueretur.
431 1099 511 1160 Hanc
533 1098 703 1161 horrendam
725 1096 863 1159 idolorum
882 1115 1031 1179 pompam,
1053 1107 1085 1159 ut
1103 1100 1195 1159 omnia
1217 1099 1340 1158 omnium
1362 1093 1485 1175 propbe-

216 1211 305 1263 tarnm
334 1202 464 1280 fulmina,
500 1205 621 1263 tonitrua
650 1211 680 1262 et
708 1202 791 1280 ignes
822 1203 995 1281 perimerent
1021 1210 1106 1281 atque
1130 1200 1273 1277 delerent,
1311 1201 1339 1258 in
1365 1197 1486 1258 omnium

216 1303 356 1364 bonorum
379 1314 439 1365 crat
461 1304 616 1365 desiderio.
660 1303 710 1363 llis
734 1304 858 1364 lontibus
882 1303 922 1364 illi
944 1303 1078 1365 tumultus
1102 1305 1269 1379 extiterunt,
1297 1300 1401 1380 quibus
1424 1316 1486 1378 per-

217 1405 322 1467 multae
342 1408 479 1486 regiones
501 1406 617 1466 saecnlo
640 1405 752 1466 decimo
776 1416 858 1468 sexto
886 1424 1044 1467 concussae
1066 1424 1101 1465 ac
1122 1414 1247 1465 vastatae
1275 1412 1349 1464 sunt.
1364 1401 1397 1483 ²)
1437 1453 1442 1465 ,

300 1507 346 1568 Ex
363 1508 417 1568 lrac
440 1527 523 1588 qnam
541 1510 761 1588 significavimus
779 1511 980 1570 sententiarum
998 1509 1162 1569 diversitate
1177 1508 1231 1568 alia
1252 1507 1397 1567 varietatis
1416 1504 1484 1564 ratio

217 1611 342 1671 nascitur
364 1629 456 1690 eaque
479 1613 655 1689 gravissima.
700 1610 757 1672 lam
780 1611 834 1673 alia
858 1613 955 1691 operis
981 1612 1070 1671 nostri
1092 1612 1195 1689 pagina
1221 1611 1337 1669 summis
1358 1604 1482 1668 laudibus

218 1712 318 1773 extulit
339 1713 426 1774 verba
448 1712 582 1792 lutheri,
612 1714 751 1777 romulae
773 1712 879 1776 blissae
902 1712 1018 1795 (1523)
1041 1715 1211 1794 praemissa:
1241 1710 1354 1791 „Nilu’l
1378 1711 1410 1772 ci
1435 1714 1481 1770 out

216 1817 345 1894 imperio
363 1819 495 1894 iustoci,
518 1812 575 1878 u'ec
598 1827 705 1880 uetera
725 1820 811 1880 uocis
830 1818 961 1894 ructum,
985 1835 1106 1896 serrcper
1125 1814 1360 1877 cunctabundus
1378 1819 1408 1874 et
1422 1810 1480 1890 sou

217 1917 440 1994 otidabundus,
466 1927 528 1979 tutu
543 1926 674 2000 propter
696 1920 861 1982 imbecilles
875 1921 908 1981 c'u
921 1919 984 1997 fide
997 1921 1132 1995 coimus,
1156 1918 1265 1997 quibus
1283 1916 1383 1978 credito
1397 1910 1481 1977 ειίιιὶ

216 2037 277 2080 oon
291 2021 391 2098 potuit
414 2029 476 2082 tum
498 2031 585 2084 octus
604 2029 632 2085 et
652 2023 790 2099 insolitu,
809 2041 867 2085 uec
881 2021 978 2082 iusers'
999 2028 1061 2082 tunc
1080 2026 1233 2082 recenset
1249 2024 1395 2080 coaucta
1410 2015 1481 2076 ratio

217 2121 341 2183 colendi
360 2120 420 2184 Dei
426 2167 435 2199 ,
464 2132 526 2185 tum
553 2127 703 2204 macione,
735 2132 864 2206 propter
887 2124 970 2187 leves
997 2122 1065 2185 illos
1094 2131 1123 2183 et
1143 2121 1323 2202 surculosus
1350 2118 1480 2199 spiritus,

218 2224 272 2300 qui
293 2242 349 2285 ceu
371 2243 444 2283 sues
465 2225 641 2287 irrrmuudue
667 2228 733 2288 sinc
756 2227 836 2304 fide,
864 2228 930 2288 siue
956 2231 1054 2288 ruente
1073 2225 1197 2285 irrurrnt
1220 2231 1249 2285 et
1267 2223 1334 2285 sola
1357 2221 1481 2284 uovt'lolc

215 2323 353 2404 gaudent
388 2333 481 2404 utque
509 2329 613 2389 statim
643 2336 676 2388 ut
708 2329 829 2389 nocitus
857 2347 926 2390 esse
964 2328 1079 2404 demunt,
1114 2326 1300 2388 ruausccut.“
1347 2319 1386 2383 m
1416 2312 1482 2383 benc

220 2423 349 2486 cumbis
374 2445 448 2506 quac
471 2429 587 2509 scripsit
608 2431 779 2490 conveniunt
803 2447 877 2509 qnae
897 2431 940 2490 vir
963 2447 1087 2489 summus
1110 2430 1179 2508 egit.
1224 2424 1348 2487 Simulac
1371 2425 1481 2505 primun

217 2529 246 2589 in
268 2527 421 2590 ecclesiam
439 2530 677 2611 Vitebergensem
698 2531 939 2595 lcouoclastarnm
960 2533 1123 2594 lanatismus
1145 2541 1230 2611 atque
1248 2528 1483 2592 Entbusiastarum

219 2633 393 2711 perversitas
415 2631 519 2713 pedem
542 2634 652 2713 intulit,
676 2633 814 2697 lutherus
838 2636 985 2715 „surrexit
1007 2635 1087 2716 qnasi
1107 2635 1182 2713 ignis
1207 2641 1236 2693 et
1257 2632 1376 2693 verbnm
1400 2632 1482 2711 ipsios

219 2735 293 2796 sicut
318 2733 410 2797 iacula
434 2736 584 2800 ardebat.“
628 2735 856 2800 Prudentissimis
880 2748 909 2800 ct
929 2735 1128 2799 laudatissimis
1153 2733 1331 2798 sermonibus
1356 2731 1482 2816 improbi·

230 2903 440 2917 b--nu———n

264 3005 293 3087 l)
321 3009 381 3067 Non
408 3026 423 3065 a
447 3025 477 3065 re
505 3016 563 3081 est,
593 3009 620 3065 ln
648 3012 805 3070 memoriam
837 3030 938 3073 vocare
962 3014 1101 3088 utriusque
1132 3014 1267 3071 ecclcsiae
1299 3011 1483 3071 catechismos

221 3097 406 3154 Gntechismns
434 3095 542 3151 lutheri
568 3096 673 3169 minor,
702 3100 811 3172 placido
844 3118 876 3158 sc
904 3117 971 3159 vere
998 3101 1147 3158 christiano
1175 3101 1280 3157 calamo
1308 3101 1484 3174 conscriptus,

222 3200 281 3240 cum
304 3184 413 3240 omnino
438 3182 613 3239 adversarios
635 3184 741 3242 minirum
761 3188 924 3260 perstringit
943 3195 971 3244 et
993 3189 1120 3257 lacessit,
1142 3193 1197 3243 tum
1219 3187 1286 3243 ritus
1300 3188 1436 3244 Romanos
1454 3201 1487 3243 ue

222 3275 416 3326 commemorat
430 3267 544 3340 qnidam.
574 3269 657 3328 Secns
680 3272 786 3329 videtur
804 3273 974 3333 Catechismo
991 3273 1111 3332 Palatino
1129 3290 1178 3330 uec
1194 3273 1393 3346 praetereunda
1408 3271 1487 3331 estin

221 3355 275 3412 boc
296 3356 386 3428 capite
409 3354 533 3427 quaestio
552 3355 653 3413 famosa
676 3357 723 3416 illa
746 3361 934 3431 octogesima:
959 3360 1051 3432 „Quid
1072 3360 1186 3416 interest
1206 3359 1277 3416 inter
1299 3376 1416 3417 coenam
1433 3360 1487 3416 llo-

222 3441 286 3497 mini
308 3448 335 3497 et
357 3441 464 3498 blissam
486 3438 667 3514 Papislicam?
693 3475 728 3483 —
749 3477 785 3485 —
809 3446 896 3521 ipsum
919 3445 1018 3503 llissae
1040 3446 1236 3503 fundamentum
1257 3445 1323 3503 nihil
1345 3445 1421 3503 aliud
1439 3448 1487 3517 esi,

221 3542 299 3600 quam
322 3527 470 3599 abnegatio
497 3527 568 3584 unici
594 3528 666 3585 illins
694 3530 823 3588 sacrificii
853 3540 880 3588 et
905 3533 1042 3606 passionis
1067 3533 1128 3589 lesu
1156 3531 1256 3588 Christi
1281 3539 1308 3588 et
1337 3526 1489 3590 execrandi

220 3612 412 3675 idololatris.“
453 3611 534 3669 Adde
557 3614 710 3672 Calvinum:
739 3617 821 3674 blissa
841 3618 908 3676 nihil
928 3618 1001 3676 aliud
1024 3625 1069 3677 est
1088 3611 1165 3692 qnam
1186 3635 1259 3675 mera
1282 3618 1377 3677 simiae
1400 3632 1489 3676 aernu-

165 3748 172 3761 χ
222 3699 288 3757 latio
314 3708 343 3755 et
365 3699 438 3756 actio
456 3699 626 3760 histrionica.

304 3783 434 3859 milano
454 3786 522 3842 male
542 3786 653 3844 (ilrdrer
673 3784 746 3843 (inst
767 3785 888 3862 Adelph.
911 3790 955 3846 cd.
978 3792 1003 3846 2.
1026 3807 1052 3862 p.
1075 3791 1173 3862 lucz,
1175 3790 1269 3860 ‚Ziebt
1288 3807 1349 3846 man
1370 3787 1471 3848 noob
1463 3804 1491 3847 ιι

223 3871 364 3941 Betracbt‚
397 3873 460 3929 dass
482 3873 527 3929 die
552 3873 708 3929 redormirto
734 3872 823 3930 Partei
849 3874 997 3947 geistlicbe
1015 3876 1145 3947 Nabrnng
1167 3877 1221 3933 viel
1240 3877 1366 3948 wenigcr
1384 3877 1412 3934 in
1432 3875 1492 3979 ιιι

221 3973 309 4014 neuen
332 3957 401 4014 als
393 3975 422 4014 ιιι
441 3959 502 4015 dem
522 3959 595 4015 alten
614 3959 801 4033 Testamenta,
825 3961 878 4017 und
901 3962 1089 4019 nementlich'
1082 3979 1110 4018 ιι
1129 3963 1213 4034 jenen
1233 3962 1390 4035 gldhcnden
1412 3943 1494 4051 Capu}

222 4042 277 4098 teln
299 4044 408 4116 sucbte,
437 4060 483 4101 no
504 4044 548 4100 dic
566 4044 653 4101 Seber
670 4045 771 4102 lsraels
801 4043 844 4103 ihr
870 4050 1042 4121 gebrinbtes
1062 4047 1310 4120 Nationalgeiirhl
1303 4067 1330 4106 nn
1354 4024 1494 4108 Verwda‘ss

222 4129 362 4201 schnngen
385 4146 476 4201 gegcn
493 4132 597 4201 Assur,
621 4132 703 4188 Babel
718 4132 771 4189 und
786 4131 872 4190 Edom
893 4142 1065 4193 ausstrdmen
1080 4134 1135 4192 nnd
1156 4134 1206 4192 das
1224 4135 1297 4192 Vollr
1313 4132 1411 4193 Gottcs
1433 4146 1493 4194 sun

224 4214 311 4272 llasse
332 4232 424 4287 gagen
449 4215 525 4272 disse
545 4217 656 4290 Gcguer
675 4219 860 4294 entdcmmcn,
889 4238 923 4278 ιο
945 4222 1016 4279 wird
1040 4221 1084 4278 dic
1107 4222 1255 4295 llampilnst
1279 4221 1333 4277 und
1358 4222 1409 4280 der
1429 4222 1494 4283 Sol·

223 4300 379 4372 datengeist
400 4301 574 4375 begreilliclr,
607 4304 657 4361 der
683 4322 737 4361 von
764 4308 876 4379 Aniang
907 4325 941 4365 an
970 4308 1014 4364 die
1035 4307 1366 4378 calvinistengemcinden
1393 4309 1446 4366 dur
1471 4350 1472 4353 ,

222 4388 324 4458 glidnte.
369 4388 445 4443 Dcnn
464 4388 541 4445 Alles
562 4390 624 4446 kam
652 4390 711 4447 hier
730 4409 903 4465 zusammen,
933 4411 992 4451 was
1019 4393 1201 4450 menscblicbc
1221 4394 1412 4453 leidenschalt
1435 4401 1481 4455 oni

221 4474 326 4530 adnden
349 4489 431 4544 mng3
454 4475 520 4530 llum
544 4491 602 4531 war
623 4477 704 4533 ilmen
725 4479 822 4552 Bobel,
846 4482 934 4537 Assur
946 4479 1081 4553 ,Edom,
1104 4479 1265 4538 Todlciudin
1281 4479 1436 4542 derlleru
1474 4500 1496 4538 Α

223 4557 272 4614 der
293 4558 426 4631 draibeis,
451 4560 500 4616 der
522 4561 633 4619 wahren
653 4562 811 4634 lloligion“
