3022 4920
730 275 805 347 617

124 473 276 547 idoneus
300 470 445 546 Curatus
473 473 508 544 in
534 473 624 545 dicta
650 473 810 571 Capella,
846 481 904 572 qui
931 477 1056 551 ibidem
1085 478 1212 552 Divina
1238 480 1406 578 celebret,

125 587 209 649 tunc
232 575 332 651 nohis
355 586 391 648 et
414 574 685 651 Successoritus
714 580 841 654 nostris
867 591 1071 677 potestatem
1093 605 1314 658 reservamus
1339 607 1404 681 pro

125 702 169 751 ca
203 680 284 752 vice
319 688 448 752 tantum
480 679 641 752 idoneum
673 676 835 753 Curatum
868 683 912 755 ad
943 684 1064 757 dictam
1094 684 1270 783 Capellam
1296 691 1405 760 nomi·

125 781 254 872 nandi,
276 782 319 854 ad
341 782 564 880 supplendam
585 785 831 878 negligentiam
850 784 1017 860 dictorum
1037 788 1133 860 Rich.
1156 788 1273 862 Smilla.
1314 789 1405 865 llae-

124 886 252 964 redum
274 895 309 958 et
327 884 594 979 designatorum
623 910 773 961 suorum.
828 887 980 974 Quodsi
1007 900 1121 963 autem
1148 891 1237 964 dicta
1263 891 1405 989 Capella

125 990 296 1062 (lecenter
316 1010 386 1062 non
405 988 509 1060 luerit
529 1000 687 1086 reparata
707 992 767 1065 vel
788 993 952 1066 instructa
974 990 1084 1068 Libris
1103 994 1249 1088 aliisque
1269 995 1313 1066 ad
1333 996 1405 1069 cul-

124 1105 199 1165 tum
228 1092 379 1166 diunum
406 1095 613 1167 necessariis
640 1116 704 1191 per
730 1105 863 1190 tempus
889 1095 1098 1191 praedictum
1133 1094 1287 1191 (nisiex
1318 1099 1406 1191 legi-

127 1199 210 1270 time
237 1197 273 1268 iu
299 1218 342 1267 ea
369 1206 467 1292 parte
493 1217 597 1270 causa
623 1219 688 1292 per
715 1196 925 1294 Episcopum
952 1198 1171 1295 approbanda
1201 1197 1268 1270 hoc
1295 1202 1405 1273 conti·

127 1299 236 1396 gerit)
261 1309 343 1372 tunc
362 1301 397 1371 iu
423 1310 625 1395 perpetuum
647 1311 728 1396 post
754 1300 865 1375 dictos
889 1323 954 1376 sex
980 1323 1117 1375 menses
1144 1305 1325 1376 continuos
1352 1306 1405 1377 sic

128 1402 288 1500 elapsos,
316 1412 496 1476 teneantur
519 1424 638 1478 omnes
663 1403 752 1476 inira
777 1407 1029 1501 praecinctum,
1061 1426 1122 1478 seu
1146 1404 1270 1478 limites
1293 1405 1404 1478 dictae

129 1505 296 1603 Capellae
322 1505 569 1596 inhabitantes,
602 1506 645 1577 ad
670 1506 847 1580 Matricem
875 1507 1068 1583 Ecclesiam
1096 1510 1305 1598 convenire,
1337 1529 1404 1605 pro

127 1610 254 1683 diuinis
279 1609 478 1698 audiendis,
505 1618 609 1705 prout
635 1621 713 1681 ante
743 1609 830 1683 hanc
854 1622 1006 1686 nostram
1034 1613 1332 1686 consecrationem
1354 1620 1405 1683 te·

128 1711 316 1801 nebautur3
351 1713 465 1807 ahqua
492 1712 526 1782 in
555 1712 619 1783 hac
649 1716 876 1786 concessione
903 1738 965 1788 seu
990 1717 1255 1788 consecratione
1285 1724 1403 1788 nostra

127 1819 373 1889 incontrarium
396 1837 465 1887 non
486 1815 666 1904 obstante,
695 1839 735 1886 ac
755 1817 899 1913 perinde
920 1840 962 1890 ac
982 1821 1012 1891 si
1032 1823 1215 1893 concessio
1240 1841 1301 1893 seu
1322 1839 1404 1891 con-

127 1921 277 1993 secratio
305 1919 396 1992 lacta
421 1941 592 2014 nunquam
618 1918 747 1994 fuisset.

230 2054 411 2128 Postremo
438 2074 659 2128 reservamus
685 2050 784 2125 nobis
806 2060 841 2122 et
866 2050 1127 2126 successoribus
1149 2053 1297 2142 nostris,
1323 2050 1405 2147 Epi-

128 2160 245 2254 scopis
279 2158 419 2229 winton.
474 2157 684 2230 Potestatem
716 2153 875 2228 visitandi
909 2154 1031 2227 dictam
1066 2153 1262 2250 Capellam,
1301 2161 1405 2250 prout

128 2260 214 2334 olias
233 2255 393 2357 Capellas
414 2259 501 2331 inira
519 2270 672 2334 nostram
691 2258 868 2332 dioecesin
890 2259 1049 2347 situatas,
1074 2259 1299 2330 communiter
1319 2276 1405 2328 nun·-

129 2372 270 2461 cupatus
296 2363 491 2460 peculiares
517 2372 555 2435 ut
581 2362 680 2435 nobis
708 2364 827 2457 eisque
855 2371 1008 2453 constet,
1034 2383 1079 2432 an
1102 2361 1266 2433 decenter
1292 2361 1327 2431 in
1349 2380 1405 2431 re-

126 2465 361 2564 parationibus
387 2467 531 2561 aliisque
559 2474 807 2552 conservetur,
835 2474 870 2534 et
891 2486 934 2535 an
957 2465 1068 2566 omnia
1090 2462 1215 2535 ibidem
1240 2463 1404 2535 decenter

128 2580 161 2642 et
180 2570 370 2644 secundum
398 2569 551 2642 ordinem
579 2568 667 2639 liant.
723 2566 820 2652 Quae
849 2569 961 2639 omnia
985 2578 1020 2638 et
1048 2568 1183 2661 singula
1211 2569 1262 2642 sic
1289 2586 1405 2639 reser-

128 2693 266 2763 vumus3
294 2672 408 2769 quoad
434 2683 574 2744 coetera
603 2694 689 2745 vero
716 2670 924 2769 praemissa,
956 2680 1124 2767 quatenus
1153 2672 1187 2742 in
1215 2666 1316 2745 nobis
1339 2675 1404 2757 est,

128 2776 229 2848 etde
255 2779 330 2849 iure
352 2797 555 2874 possumus,
582 2799 646 2873 pro
670 2774 769 2848 nobis
792 2783 826 2846 et
848 2773 1109 2850 successoribus
1132 2776 1260 2849 nostris
1285 2772 1404 2847 decer-

128 2876 240 2955 uimus
262 2889 296 2952 et
316 2879 505 2954 stabilimus
526 2902 590 2976 per
609 2885 820 2975 praesentes.

213 3011 360 3074 Nechdem
380 3010 475 3074 dieser
487 3011 578 3074 hctus
596 3012 768 3090 verrichtet,
791 3010 871 3072 belet
892 3007 942 3070 der
955 3007 1088 3072 Bischoll
1106 3007 1258 3090 folgender
1275 3006 1406 3070 hiessen:

214 3130 363 3206 Gelobet
395 3154 459 3228 sey
488 3132 566 3204 dein
586 3130 737 3220 Nahme,
765 3129 855 3204 Hera
876 3127 976 3218 Gott,
1005 3130 1083 3204 dass
1113 3152 1152 3204 es
1182 3130 1233 3202 dir
1261 3129 1407 3223 geldllet

127 3246 226 3310 untcr
260 3235 329 3308 den
359 3233 548 3309 Menschen
573 3233 727 3307 Kindern
759 3256 801 3305 zu
831 3231 1001 3323 wohnen,
1038 3233 1108 3306 und
1138 3257 1180 3304 zu
1207 3232 1345 3306 bleiben
1369 3233 1406 3303 in

127 3341 191 3412 der
212 3338 479 3432 Versummlung
507 3338 626 3410 deincr
652 3336 814 3430 heiligen
840 3334 902 3407 aul
919 3334 1047 3407 Erden.
1099 3335 1185 3410 Luss
1213 3336 1268 3408 die
1289 3333 1405 3407 Hand-

128 3445 212 3536 lung
245 3441 360 3516 dieses
390 3441 505 3536 Tages
540 3441 674 3513 deinem
702 3438 817 3512 Volch
846 3449 1038 3532 geseegnet
1070 3461 1178 3536 sepn3
1217 3438 1405 3513 beldrdere

128 3546 189 3620 das
212 3542 345 3616 Werch
373 3566 479 3619 unser
502 3542 642 3638 Hande,
665 3546 721 3636 ja,
749 3542 810 3616 das
833 3539 966 3613 Werch
988 3563 1091 3614 unser
1115 3542 1237 3615 hante
1262 3541 1406 3615 wollest

126 3648 172 3720 du
193 3647 373 3722 belddern.

213 3794 334 3857 llieraui
350 3797 389 3856 ist
410 3792 461 3856 das
482 3792 594 3871 Volcis,
627 3810 660 3854 so
681 3791 760 3854 nicht
778 3793 1000 3856 communiciren
1020 3792 1144 3872 wellen,
1175 3793 1321 3868 crismon,
1350 3791 1407 3854 und

127 3901 176 3962 die
202 3897 281 3960 Thur
303 3897 517 3960 verschloseeu.
562 3895 626 3957 blan
655 3895 779 3957 berebet
809 3896 871 3957 sich
903 3913 939 3956 au
967 3895 1091 3975 Haltung
1119 3893 1187 3956 dees
1213 3892 1407 3956 hbeudmahls

128 4002 197 4063 dese
216 3999 318 4062 Herm.
368 3999 423 4061 Die
445 4000 496 4061 ani
514 3999 639 4079 gethane
661 3998 863 4077 Vermahauug
891 3997 1062 4077 dargelegte
1089 3997 1254 4075 hllmuseu,
1289 3995 1406 4058 werdon

127 4122 191 4166 zum
214 4101 307 4163 ilelch
327 4100 490 4181 geuidmet.
534 4101 595 4162 Der
617 4100 762 4178 Bischoil,
792 4099 932 4162 uachdem
964 4119 996 4161 er
1023 4099 1069 4160 die
1093 4099 1194 4163 hunus
1219 4099 1406 4180 gewaschen,

129 4207 180 4268 das
202 4203 279 4265 Brod
304 4202 489 4283 gebrechen,
524 4202 580 4263 und
601 4203 688 4263 Wein
715 4205 744 4263 in
772 4200 827 4263 den
851 4200 944 4262 Kelch
965 4217 1130 4281 gegussen‚
1161 4202 1338 4262 consecriret
1359 4199 1407 4261 die

128 4307 291 4370 Clemente.
335 4302 510 4384 Emplauget
536 4302 587 4363 dae
609 4302 776 4365 Sacrament
801 4310 930 4365 rueret:
961 4301 1042 4381 gicht
1065 4319 1097 4363 es
1120 4301 1220 4364 daraul
1246 4301 1312 4363 dem'
1330 4299 1406 4363 lluu·

128 4409 236 4487 datori,
265 4405 432 4469 hiemdchst
458 4404 513 4466 deu
538 4403 653 4481 herten
671 4405 844 4476 Sacellania;
872 4403 964 4465 denen
987 4403 1108 4482 irbrigeu
1138 4403 1208 4465 aher
1234 4402 1335 4465 theilet
1355 4401 1407 4465 der

127 4511 261 4575 Bischoil
280 4510 330 4572 das
352 4516 532 4589 gosceguete
550 4507 627 4570 Brod
648 4527 719 4586 aus,
741 4509 798 4571 und
818 4509 870 4571 der
890 4509 955 4569 eine
976 4504 1114 4586 Capellan
1136 4506 1191 4569 dea
1206 4494 1308 4578 Wedl3
1328 4503 1405 4569 llud·
