3022 4920
731 277 808 348 613

233 479 323 552 Also
354 487 561 550 antwortete
586 476 674 549 Gott.
727 476 805 549 Wir
837 476 948 549 haben
975 480 1034 550 mit
1059 477 1226 552 Salomon
1251 480 1403 575 gehetet,

127 604 169 659 so
194 593 367 655 autwortc
391 580 479 653 auch
501 602 585 670 uns,
613 578 771 653 OHerrl
798 581 868 653 und
889 603 1027 655 unserm
1051 579 1180 672 Gebet,
1204 583 1255 658 als
1278 584 1323 657 du
1345 583 1403 655 ihu

127 685 200 759 und
227 686 288 760 das
315 687 448 778 seinige
468 684 700 757 beantwortet
728 683 811 757 hast.
854 683 937 758 Sibe
963 706 1007 756 an
1033 685 1094 759 das
1113 685 1307 779 Angesicht
1332 686 1405 758 dei·

125 810 192 864 nes
218 788 401 882 gesalbten
429 785 554 862 Christi
580 809 703 863 unsers
731 786 950 886 Heptandes,
984 788 1051 860 und
1077 789 1134 882 gib
1162 812 1226 865 uns
1255 792 1405 864 seinent-

125 914 277 988 weges,
303 912 379 966 was
402 893 467 964 wir
489 891 605 963 bitten.

233 1006 356 1067 Hieraui
380 1005 430 1066 hat
454 1003 506 1065 der
528 1003 661 1066 Riochod
683 1003 747 1065 sich
774 1003 827 1065 aui
853 1002 910 1065 den
928 1002 1033 1065 Boden
1061 1011 1211 1082 qesetcct,
1241 1021 1277 1063 zu
1304 1004 1405 1069 senes

126 1109 269 1171 Rechten
284 1108 411 1171 Thomas
427 1107 551 1185 Ridlep,
579 1109 644 1169 sein
661 1105 818 1185 liantzlcr,
847 1126 898 1168 zor
917 1105 1048 1168 Linckeu
1069 1105 1203 1169 Docktor
1215 1106 1321 1184 Brrio,
1349 1108 1404 1168 hr-

130 1213 324 1275 ohidiaconus
352 1211 584 1282 wintoniensis3
622 1210 680 1272 oud
709 1211 772 1271 also
805 1212 858 1270 mit
889 1209 1063 1272 hedechtem
1090 1210 1187 1291 llaupt
1214 1209 1271 1272 den
1298 1209 1405 1271 Actum

130 1315 376 1378 Consecutionis
395 1314 446 1376 aui
468 1314 612 1391 iolgendc
635 1314 737 1375 Weiss
758 1313 970 1395 promulgiret:

236 1408 276 1480 ln
300 1410 438 1480 nomine
462 1407 617 1499 Domini,
644 1407 767 1479 Amen.
823 1406 907 1479 Cum
934 1406 1102 1483 Strenuus
1128 1405 1192 1478 Vir
1212 1405 1406 1480 Richardus

132 1511 242 1585 Smith
271 1512 314 1584 de
344 1511 535 1583 Pecr-tree
564 1514 599 1582 in
629 1509 799 1584 Comitatu
826 1509 1036 1608 Southampt.
1065 1510 1248 1603 Armiger,
1284 1512 1341 1605 pia
1367 1506 1407 1581 ¹et

132 1616 298 1709 religiosa
327 1613 524 1686 Deuotione
557 1614 697 1704 ductus,
739 1613 914 1710 Capellam
950 1615 1037 1686 hanc
1071 1616 1107 1684 in
1144 1613 1292 1708 quodam
1328 1611 1406 1686 solo

133 1729 234 1793 vasto
253 1727 380 1791 vocato
404 1716 711 1814 Ridgwuy-heath,
734 1721 828 1789 iuxta
848 1719 954 1792 aedes
976 1738 1056 1792 suas
1077 1719 1302 1789 communiter
1322 1736 1408 1787 nun-

134 1833 274 1919 cupatas
304 1821 502 1909 Peer-tree,
544 1820 629 1892 inira
663 1820 865 1893 Parochiam
892 1820 1073 1892 Ecclesiae
1103 1820 1246 1892 Paroch.
1280 1818 1408 1890 Beatao

133 1923 264 1998 blariae
304 1927 398 1996 iuxta
438 1923 554 1996 villam
592 1922 804 2019 Southampt.
838 1924 1052 1997 Dioeceseos
1092 1933 1127 1994 et
1159 1920 1408 1994 Iurisdictionis

134 2038 294 2118 nostrae,
330 2030 560 2099 continentem
592 2029 679 2097 intra
706 2048 822 2099 muros
851 2026 1022 2115 eiusdem,
1055 2028 1091 2095 in
1125 2023 1338 2117 longitudino
1364 2020 1406 2094 ab

136 2131 276 2204 Oriente
300 2130 343 2201 ad
367 2129 589 2202 Occidentem
611 2131 669 2201 50.
691 2130 798 2226 pedes
823 2140 858 2202 et
880 2130 992 2200 dimid.
1017 2138 1075 2199 aut
1098 2130 1254 2215 circiter,
1277 2128 1312 2196 in
1334 2125 1409 2198 lati·
1441 2178 1444 2195 .

135 2235 263 2308 tudine·
278 2255 383 2327 vero,
411 2234 452 2305 ab
476 2233 652 2327 Aquilone
675 2232 718 2304 ad
740 2233 906 2307 Austrum
930 2234 986 2303 20.
1014 2231 1122 2328 pedes
1150 2241 1185 2303 et
1212 2228 1324 2300 dimid.
1351 2238 1409 2301 aut

135 2339 290 2426 circiter,
315 2339 464 2433 propriis
487 2341 557 2410 suis
579 2337 767 2432 sumptibus
790 2335 1043 2424 aedificaverit,
1071 2334 1242 2421 erexerit,
1271 2342 1306 2403 et
1327 2352 1409 2403 con-

134 2443 319 2530 struxerit,
361 2438 574 2534 eandemque
610 2437 787 2533 Capellam
825 2438 996 2511 Cancellis
1033 2438 1158 2530 ligneis
1196 2435 1409 2527 distinxerit3
1495 2452 1498 2457 ·

135 2566 233 2617 sacra
264 2540 385 2615 biensa
412 2543 576 2615 decenter
601 2544 784 2636 instructa,
817 2542 1042 2639 Baptisterio,
1076 2539 1247 2636 Puipito,
1270 2537 1409 2613 sedibus

136 2646 439 2736 convenientibus,
466 2657 533 2718 tam
559 2644 648 2716 infra
670 2667 774 2742 super
797 2647 928 2736 solum,
958 2666 1058 2740 quam
1083 2665 1187 2740 supra
1215 2645 1250 2715 in
1272 2641 1411 2714 modum

136 2748 315 2839 Galeriae,
343 2748 513 2845 Campana
542 2752 643 2820 etiam
676 2749 821 2845 aliisque
849 2750 1056 2824 necessariis
1084 2746 1127 2819 ad
1158 2745 1309 2818 divinum
1339 2744 1412 2817 cul·

136 2863 204 2926 tum
233 2852 443 2931 sufficienter
474 2863 509 2925 et
537 2852 701 2924 decenter
729 2854 923 2939 ornaverit,
955 2851 1124 2946 nobisque
1153 2848 1411 2945 supplicaverit,

135 2966 202 3029 mm
225 2978 289 3029 suo
309 2960 447 3029 nomine
469 2977 570 3051 quam
590 2955 735 3026 aliorum
755 2953 1010 3026 inhabitantium
1031 2956 1065 3023 in
1087 2952 1170 3023 villa
1192 2951 1235 3021 de
1249 2949 1411 3040 Weston,

137 3084 176 3132 ac
199 3059 379 3139 Hamlettis
407 3059 449 3130 de
471 3058 598 3149 ltchin,
625 3056 820 3153 Ridgway,
852 3080 893 3128 ac
916 3054 1128 3153 quorundam
1150 3055 1252 3125 etiam
1281 3051 1412 3125 inhahi-

138 3167 277 3235 tantium
298 3166 333 3234 in
350 3161 505 3234 Manerio
527 3171 648 3235 nostro
673 3160 716 3231 de
736 3160 931 3250 Bitternae,
955 3159 997 3231 de
1012 3156 1180 3230 Paroohia
1200 3155 1411 3252 praedictae,

137 3275 304 3363 quatenus
325 3286 390 3340 nos
414 3264 619 3337 authoritate
643 3273 760 3338 nostra
785 3263 957 3335 ordinaria
980 3273 1015 3334 et
1032 3260 1232 3358 Episcopali
1256 3281 1321 3357 pro
1350 3280 1412 3331 no·

136 3369 187 3442 bis
216 3379 251 3441 et
278 3367 538 3443 successoribus
570 3370 696 3440 nostris
724 3366 847 3438 dictam
875 3363 1051 3463 Capellam
1079 3364 1121 3438 ab
1155 3363 1274 3439 usibus
1300 3365 1414 3459 pristi-

137 3475 188 3545 nis
214 3473 449 3545 communibus
476 3481 510 3543 et
537 3470 689 3567 profanis
716 3468 976 3565 quibuscunque
1002 3489 1185 3565 separare,
1213 3477 1248 3539 et
1273 3470 1308 3538 in
1329 3487 1413 3539 usus

137 3597 257 3648 sacros
280 3587 314 3648 et
337 3576 472 3648 divinos
495 3595 724 3664 consecrare,
752 3583 786 3645 et
809 3572 970 3644 dedicare
995 3570 1224 3664 dignaremur.

241 3675 314 3751 Nos
349 3677 556 3750 lancelotus
592 3677 818 3773 permissione
854 3675 989 3764 divina,
1028 3672 1172 3745 Winton
1205 3669 1414 3768 Episcopus,

136 3784 193 3878 pio
222 3791 258 3853 et
282 3781 449 3875 religioso
476 3791 544 3854 tam
570 3783 677 3876 ipsius
705 3801 806 3875 quam
832 3779 977 3850 aliorum
1003 3779 1038 3848 in
1064 3775 1148 3848 vilia
1177 3785 1212 3847 et
1234 3772 1414 3847 Hamlettis

137 3884 322 3980 praedictis
344 3884 563 3958 habitantium
592 3884 783 3972 desiderio,
810 3886 845 3953 in
868 3881 932 3953 hac
959 3890 1058 3976 parte
1087 3875 1326 3950 favorabiliter
1355 3896 1415 3948 au-

137 3998 302 4078 nuentes,
343 3988 387 4060 ad
419 3987 723 4061 Consecrationem
752 3984 916 4082 Capellae
942 3981 1042 4055 huius
1070 3981 1114 4053 de
1141 4002 1236 4052 novo
1266 3980 1416 4076 propriis

138 4090 328 4186 sumptibus
357 4091 438 4163 dicti
466 4090 605 4165 Strenui
635 4089 708 4162 Viri
737 4086 900 4160 Richardi
927 4085 1055 4174 Smith,
1087 4087 1137 4159 sic
1162 4094 1199 4156 ut
1225 4082 1415 4180 profertor,

139 4204 277 4266 erectae
305 4205 340 4267 et
367 4205 530 4283 ornatae,
568 4191 773 4265 authoritate
802 4200 922 4264 nostra
952 4186 1123 4261 ordinaria
1155 4198 1189 4260 et
1217 4184 1418 4282 Episcopali

138 4297 389 4392 procedentes,
424 4296 569 4369 eandem
600 4295 776 4392 Capellam
805 4294 847 4368 ab
884 4295 975 4365 omni
1005 4292 1176 4364 communi
1207 4300 1242 4361 et
1268 4287 1416 4385 profano

139 4421 204 4473 usu
246 4403 281 4472 in
319 4410 488 4497 perpetuo
526 4420 745 4495 separamus,
787 4409 821 4470 et
856 4397 923 4471 soli
960 4395 1076 4468 divino
1113 4391 1220 4465 cultui
1255 4412 1296 4462 ac
1331 4390 1419 4464 diri·
1484 4450 1487 4461 .

139 4524 264 4576 norum
286 4504 512 4578 celebrationi
535 4505 794 4598 inperpetuum
820 4500 1026 4589 addicimus,
1066 4497 1240 4585 dicamus,
1281 4493 1418 4566 dedice-

193 4621 252 4694 111.
1161 4614 1212 4686 40
