2992 4926
801 204 850 273 1o

192 403 416 467 conmorersiam
436 412 499 484 est,
526 405 670 468 ecelesiae
694 404 877 467 lleiormatae
902 404 1022 467 unaue
1048 402 1210 484 peculiares
1237 401 1310 464 haud
1337 403 1462 482 agnosel

191 506 220 567 in
246 506 324 567 uultu
352 516 383 567 et
407 507 530 588 liturgia.
574 507 667 570 Nimia
696 507 899 569 emendationis
923 509 1077 568 severitate
1100 505 1175 567 hona
1200 514 1230 566 et
1250 504 1402 566 laudabilia
1422 522 1460 565 ex

192 605 296 670 ollioiis
318 608 419 670 diuinis
439 610 653 687 exterminavit,
683 611 766 671 nimis
795 610 892 671 ieiuno
913 619 943 670 et
965 618 1087 688 angusto
1112 610 1205 669 animo
1232 626 1279 668 ree
1301 625 1400 668 sacras
1420 607 1458 669 ita

191 708 330 772 ordinavit
352 721 381 772 et
401 713 536 790 instituit,
558 721 588 773 ut
609 731 706 792 parum
728 715 904 793 respexerit,
927 730 1002 793 quae
1014 730 1078 772 oum
1092 710 1229 771 humanae
1244 711 1347 770 mentis
1362 708 1458 770 indole

192 814 361 875 conveniant
378 812 426 873 vel
448 816 557 875 mimos
578 814 614 876 ad
634 815 832 875 humanitatem
852 814 1012 875 informent.
1055 812 1124 872 llihi
1151 813 1265 872 omnino
1285 827 1342 871 non
1363 810 1458 890 placet

190 913 319 994 liturgia,
351 932 425 995 quae
455 917 628 977 ieiunitatem
653 926 683 977 et
705 917 808 977 lamam
836 935 869 977 se
897 915 982 977 malle
1003 932 1087 995 quam
1110 914 1267 975 ohannen
1288 923 1318 974 et
1344 915 1456 992 copiam

190 1025 290 1096 aperte
317 1017 494 1078 confiteatur.
537 1017 640 1098 Neque
666 1018 768 1080 desunt
798 1019 846 1098 qui
876 1035 987 1078 meeum
1017 1017 1130 1078 iaciant.
1173 1013 1261 1074 lmmo
1290 1012 1456 1092 Clausenio,

190 1120 254 1181 uiro
275 1119 345 1181 alias
366 1119 502 1182 Romanis
520 1120 621 1182 ritibus
640 1139 737 1201 parum
759 1123 868 1198 amieo,
891 1118 1055 1180 'lurioensis
1070 1117 1216 1178 ecelesiae
1231 1118 1368 1178 memoria
1384 1117 1457 1178 haut

190 1223 323 1303 exprimit
342 1231 372 1284 et
392 1231 544 1304 extorquet
564 1226 731 1285 sententiam
752 1222 1081 1303 (llirehenrerlaesung‚
1109 1218 1201 1281 holere
1221 1219 1279 1281 ond
1299 1219 1383 1280 Ritus
1403 1218 1457 1281 des

190 1322 303 1386 llatlrol.
325 1324 382 1386 und
406 1323 621 1386 Protestaotisrn
640 1324 691 1385 lll.
719 1343 748 1406 p.
769 1323 866 1406 879):
910 1324 948 1386 la
976 1323 1093 1386 Zhrich
1117 1340 1185 1386 soor
1211 1324 1270 1384 der
1293 1319 1458 1403 Versoraer

189 1430 231 1489 ἐπι
245 1424 491 1491 Semmer1820
515 1430 564 1492 hei
593 1430 651 1492 der
673 1427 903 1509 llauptprede'pt
927 1430 959 1488 io
988 1428 1047 1489 der
1072 1424 1284 1506 Hauptlu‘rche
1312 1445 1456 1505 myopes.

190 1527 229 1589 lo
245 1530 304 1591 der
323 1529 441 1592 Kirche
461 1549 528 1592 seor
548 1533 653 1594 caeder
673 1528 764 1592 Alter
784 1531 863 1593 noch
887 1527 1000 1610 Orpcl,·
1028 1530 1086 1591 der
1107 1528 1260 1608 Preds'qer
1277 1536 1349 1607 lamp
1370 1529 1458 1591 maest

189 1630 434 1711 pentateuchon,
456 1630 571 1695 huenen
589 1633 767 1695 schoerten
786 1631 872 1696 hoch
892 1633 958 1694 uod
985 1633 1074 1694 eduen
1100 1629 1219 1693 lldnen
1238 1628 1371 1707 Montel,
1393 1632 1459 1693 aad

190 1732 268 1794 niele
287 1751 347 1795 ooo
362 1734 424 1797 deo
440 1731 603 1796 Zuhdrern
615 1754 724 1799 eoesea
738 1737 781 1797 do
794 1736 848 1797 nsit
866 1735 936 1796 dens
948 1731 1028 1795 llote
1043 1732 1104 1812 ouf
1117 1733 1188 1794 dem
1202 1729 1320 1812 Kopse‚
1341 1731 1457 1812 pleioh-

190 1853 259 1896 som
278 1852 331 1897 um
349 1837 417 1898 sich
437 1838 491 1899 nus't
507 1839 587 1900 aller
607 1834 714 1900 hlocht
739 1838 818 1901 tiber
836 1836 930 1915 jedes
958 1831 1366 1898 consarcinationem
1390 1834 1457 1896 ha'o·

189 1953 255 2016 coep
275 1956 313 1998 eu
330 1946 440 2004 actaea
473 1936 516 2000 So
535 1939 689 2020 unpesdhr
710 1939 814 2019 ddrfte
832 1940 899 2000 eine
914 1936 1188 2014 Gottesoerehmnup
1206 1935 1261 2015 [ἄν
1277 1936 1458 2016 prohtr'ache

192 2036 365 2104 Kantionsr
385 2041 583 2121 dapmehtct
602 2045 689 2113 seiam·
714 2041 792 2105 wohl
817 2042 895 2104 oder·
919 2040 1038 2102 mdchte
1060 2041 1112 2101 die
1137 2035 1229 2102 Wohl
1247 2046 1338 2101 anter
1362 2041 1458 2101 masau

190 2143 314 2205 solem
338 2140 444 2205 Cultus
475 2146 541 2206 aad
565 2146 635 2207 dem
661 2144 868 2208 hotholischen
898 2141 1060 2205 Mooohem
1082 2142 1167 2221 aus'ohl
1189 2141 1281 2204 les'cht
1299 2143 1377 2208 seio.
1420 2141 1457 2203 As

191 2252 285 2306 umen
306 2242 354 2305 alii
374 2245 413 2305 ita
434 2252 532 2306 natum
554 2249 709 2324 comparati
728 2254 809 2323 sunt,
837 2254 868 2306 ot
885 2244 932 2305 illa
953 2245 1056 2305 rituum
1070 2242 1182 2304 exilitas
1199 2242 1356 2305 satislaeiat
1372 2252 1457 2324 atque

191 2347 220 2408 in
244 2344 329 2407 hade
356 2347 410 2423 sit,
438 2347 567 2408 nimirum
593 2364 667 2427 quae
689 2365 753 2409 oum
773 2347 827 2408 alia
857 2348 961 2407 virtute
981 2347 1130 2406 ooniunota
1151 2353 1204 2406 est.
1247 2343 1319 2405 Nam
1341 2345 1409 2406 lons
1429 2354 1456 2407 et

191 2450 361 2530 principium
382 2448 514 2528 liturgiae
535 2449 717 2512 Reformatae
738 2451 793 2511 etsi
812 2452 842 2511 in
863 2451 956 2510 unias
975 2448 1217 2528 reprehensiones
1231 2449 1363 2527 incurrit,
1386 2449 1455 2511 nihi·

190 2552 312 2613 lominus
333 2552 454 2613 animm
481 2561 578 2614 moret
607 2562 720 2615 austera
748 2554 872 2632 grauitas
900 2570 934 2614 ao
960 2570 1053 2631 paene
1079 2553 1170 2613 stoica
1197 2553 1356 2629 seueritas,
1383 2569 1456 2631 quae

191 2654 330 2714 consumti
347 2654 505 2715 sententiae
526 2655 678 2717 stabilitate
699 2658 792 2718 omnia
806 2654 841 2717 ad
862 2673 998 2716 summam
1019 2653 1114 2733 legem
1135 2653 1338 2730 conformavit,
1364 2654 1455 2714 omnia

191 2753 227 2816 ad
248 2753 437 2833 simplicitatis
458 2765 488 2817 et
504 2759 679 2837 paupertatis
700 2776 825 2819 normam
844 2757 967 2836 redegit.

276 2856 334 2936 Sed
363 2857 436 2918 haee
461 2859 607 2924 mamone.
651 2859 709 2923 lam
732 2861 930 2923 nanseundum
960 2861 1014 2921 erit
1041 2857 1077 2919 ad
1105 2876 1139 2919 ea
1165 2876 1239 2938 quae
1260 2866 1394 2938 qnmtnn
1416 2857 1454 2920 ad

191 2959 273 3021 looa
295 2978 335 3021 ao
356 2968 519 3041 tempora
541 2982 641 3026 sacra
663 2964 738 3045 apud
760 2965 942 3026 Reformatos
968 2963 1014 3023 vel
1036 2969 1191 3041 praecepta
1213 2969 1277 3021 sunt
1298 2961 1347 3022 vel
1369 2980 1454 3023 vene·

190 3072 254 3124 runt
274 3064 302 3124 iu
324 3064 566 3128 consuetudinem.

773 3353 871 3448 §2-
969 3338 972 3345 ’

245 3634 250 3643 .
274 3574 364 3639 Simul
383 3594 418 3638 ae
435 3576 598 3638 deformata
621 3576 747 3639 doctrina
767 3575 920 3638 Pontifioiis
937 3576 1079 3653 superatis
1091 3574 1188 3636 urbem
1209 3573 1347 3653 quondam
1369 3593 1455 3637 ocen-

190 3683 284 3763 pauit,
314 3679 398 3742 valde
422 3681 581 3742 imminutas
606 3689 650 3742 est
677 3679 862 3742 ecclesiarum
886 3695 1018 3739 numerus
1040 3685 1068 3738 et
1093 3676 1181 3738 multo
1208 3679 1298 3763 magis
1319 3696 1404 3758 qumn
1428 3680 1456 3740 in

53 3842 57 3855 .
189 3783 355 3849 lutheranis
376 3781 545 3844 civitatibus.
588 3781 661 3844 Nam
689 3783 737 3844 ubi
767 3782 859 3844 omnia
879 3780 1067 3842 reformantur
1088 3778 1124 3841 ad
1147 3779 1294 3841 utilitatem
1324 3790 1353 3842 et
1378 3799 1454 3843 com·

190 3886 320 3963 modum,
336 3888 449 3947 omnino
462 3886 579 3946 veniunt
593 3887 621 3946 io
636 3885 880 3966 diligentissimam
895 3883 1134 3962 computationem
1148 3883 1317 3964 templorum
1332 3886 1454 3965 spatium

191 3999 222 4052 et
242 3987 396 4051 incolarum
416 3986 573 4049 multitudo.
616 3987 665 4049 Be.
691 3986 759 4051 Wir
770 3989 875 4068 huden
889 3988 922 4047 io
941 3985 1001 4048 den
1021 3985 1172 4063 honorus,
1193 3987 1270 4049 duee
1292 3986 1343 4050 die
1362 3989 1455 4050 doer-

191 4090 394 4155 schaeeuhlt‘oh
413 4092 473 4153 uile
490 4091 549 4154 der
561 4090 681 4154 he'lchen
697 4099 760 4154 eret
775 4088 858 4152 noch
872 4086 941 4149 dou
959 4087 1010 4150 die
1030 4084 1150 4151 Closter
1166 4089 1376 4168 oopefoopeo,
1398 4090 1455 4174 uff-

189 4192 324 4276 oemcht,
350 4193 401 4255 die
421 4193 498 4257 aher
516 4193 664 4258 mendara
683 4211 721 4254 su
742 4211 808 4254 mer
828 4195 899 4252 niitn
917 4208 1072 4269 pauescas,
1097 4189 1179 4252 deon
1205 4189 1265 4252 doe
1288 4190 1331 4253 dn
1352 4192 1456 4255 durch

192 4295 243 4358 dle
267 4313 432 4377 pcmepaou
462 4291 602 4359 Christen
628 4314 687 4359 oon
710 4294 899 4356 mnonderen
920 4292 1087 4372 pertentes,
1123 4292 1174 4354 dio
1198 4290 1319 4354 hilchen
1346 4294 1457 4376 ceddae

190 4405 292 4478 sumpt
313 4399 410 4460 deren
431 4399 681 4479 mdsaippeaqem
702 4398 755 4459 nts't
780 4394 947 4458 schwerem
978 4392 1082 4456 hortea
1106 4393 1328 4472 domerholteo,
1356 4394 1456 4459 dorso

189 4507 279 4564 anter
304 4499 373 4564 deo.
391 4495 597 4560 Prodicomen
622 4498 783 4581 lychtldeh
809 4498 1003 4582 oncyauphes't
1028 4499 1095 4562 uod
1119 4500 1264 4581 epoltuap
1284 4496 1456 4567 emesae·
