3022 4920
754 104 802 179 bb

160 310 241 389 riute
266 309 445 401 nohmns,
474 318 638 406 metuque
664 308 812 384 hostium
843 317 1039 385 nostrornm
1071 294 1207 383 liberati
1231 308 1408 383 materiam

158 414 371 493 celebrandae
396 424 476 489 tuae
502 413 613 488 laudis
638 423 713 487 toto
736 415 827 486 vitae
848 423 988 488 nostrae
1009 424 1166 509 tempore
1191 412 1386 485 habeamus.

223 519 359 593 Deinde
384 519 546 615 precibus
571 520 698 593 nostris
720 516 778 589 tihi
798 518 1091 606 commendamus,
1115 516 1218 589 Pater
1239 539 1352 591 verax
1373 524 1408 588 et

152 624 329 713 Servator,
369 643 489 695 omnes
520 632 686 716 quotquot
714 620 870 695 fidelibus
901 624 967 694 tuis
1000 633 1157 720 pastores
1191 621 1408 709 constituisti,

149 749 286 825 quornm
307 728 411 799 etiam
437 726 565 798 tutelae
594 728 723 798 animos
750 727 966 814 commisisti,
998 746 1085 820 quos
1116 724 1265 819 denique
1291 744 1408 797 socro-

145 833 248 908 sancti
267 832 320 905 tni
345 828 531 924 Evangelii
556 828 812 925 dispensatores
839 850 917 901 esse
943 829 1101 902 voluisti:
1132 839 1171 901 ut
1198 849 1260 901 eos
1289 835 1409 901 sancto

144 945 197 1009 tuo
227 932 362 1030 Spiritu
391 955 514 1027 regas,
548 954 616 1029 quo
650 931 749 1029 probi
778 931 966 1027 fidelesque
1000 932 1133 1026 gloriae
1161 943 1240 1005 tuae
1267 931 1411 1007 ministri

142 1040 416 1136 comperiantur,
448 1036 515 1110 huo
542 1035 688 1109 studium
719 1058 820 1108 omne
847 1035 1066 1109 conferentes
1093 1046 1304 1130 conatusque
1327 1054 1410 1107 snos

143 1142 331 1236 dirigentes
344 1137 392 1236 ¹),
424 1149 462 1213 nt
488 1162 608 1214 omnes
637 1142 783 1214 miserae
817 1162 924 1226 oves,
955 1161 1042 1236 quae
1071 1138 1183 1211 adhuc
1209 1147 1287 1212 sunt
1315 1159 1409 1209 erra·

142 1245 295 1336 hundee,
320 1243 571 1338 recolligantur
598 1243 696 1315 etad
719 1243 831 1318 lesum
850 1240 1020 1316 Christum
1041 1242 1225 1316 Dominum
1243 1251 1410 1330 nostrum,

143 1351 362 1448 praecipuum
392 1347 571 1423 Pastorem
601 1359 635 1420 et
670 1350 910 1444 episcoporum
944 1348 1159 1444 Principem,
1189 1346 1410 1432 reducantur,

144 1463 176 1527 ut
201 1457 241 1525 in
269 1452 347 1527 dies
378 1454 487 1525 maius
514 1453 662 1526 iustitiae
691 1462 726 1525 et
752 1453 996 1525 sanctimoniae
1027 1454 1273 1524 incrementum
1300 1450 1335 1520 in
1365 1467 1409 1519 ao

144 1557 319 1654 accipiant
371 1553 506 1628 Interea
534 1567 648 1628 autem
675 1577 795 1629 omncs
820 1565 897 1629 tuas
922 1555 1100 1629 Ecclesias
1129 1552 1327 1627 eiauoibns
1354 1572 1410 1623 ra·

145 1663 276 1758 pacinm
290 1660 449 1758 lnporum
462 1662 598 1756 eripere
612 1669 646 1733 et
660 1659 701 1731 ab
716 1659 871 1733 omnihus
885 1661 1106 1734 mercenariis
1123 1657 1273 1731 liberare
1291 1656 1410 1750 digne·

146 1766 207 1856 ris,
241 1766 303 1871 qni
327 1763 463 1858 gloriae
490 1773 618 1837 tantum
648 1773 707 1835 ant
734 1763 821 1835 luori
856 1762 1039 1860 cupiditate
1073 1761 1257 1851 ducuntur,
1291 1759 1333 1831 de
1362 1758 1411 1831 tui

147 1869 288 1942 nominis
313 1867 540 1941 illustratione
571 1870 687 1962 tuique
714 1869 832 1960 gregis
854 1867 968 1940 solute
989 1865 1072 1938 nihil
1098 1867 1200 1962 plane
1223 1863 1370 1938 solliciti.

223 1971 371 2068 Insuper
396 1969 456 2042 tihi
482 1994 606 2068 preces
631 1980 767 2044 nostras
796 1968 989 2060 oderimus,
1022 1967 1118 2041 Deus
1145 1967 1410 2039 clementissime

151 2075 301 2149 etPater
324 2095 453 2149 summe
474 2077 688 2163 misericors,
715 2095 778 2171 pro
806 2073 962 2148 omnihus
989 2075 1024 2146 in
1046 2074 1245 2145 universum
1268 2069 1410 2141 homini-

150 2177 224 2269 hus,
245 2188 302 2272 nt,
330 2177 611 2274 quemadmodum
633 2179 736 2253 totius
765 2175 902 2249 humani
924 2179 1064 2272 generis
1087 2176 1229 2272 agnosci
1252 2175 1306 2247 vis
1327 2170 1409 2249 Ser·

151 2292 242 2356 vetor
269 2303 334 2379 per
361 2281 631 2380 redemptionem
665 2304 683 2353 a
719 2281 798 2356 lesu
827 2278 962 2356 Christo
991 2280 1080 2354 Filio
1106 2292 1167 2355 tuo
1199 2279 1409 2375 praestitam,

151 2388 189 2458 ita
212 2388 255 2475 ii,
283 2386 341 2482 qni
362 2384 472 2459 adhuc
498 2385 541 2458 ab
561 2386 652 2460 illius
670 2388 788 2459 notitia
806 2394 884 2461 sunt
903 2387 1006 2458 alieni
1024 2385 1243 2482 tenebrisque
1260 2384 1411 2456 immersi

152 2489 245 2563 etab
272 2488 449 2565 erroribus
476 2513 518 2563 ao
543 2492 734 2583 ignorantia
766 2498 924 2563 tenentur
945 2491 1093 2587 captivi,
1128 2486 1315 2582 affulgente
1340 2487 1410 2561 illis

99 2614 101 2619 ·
151 2604 260 2667 nncto
283 2602 343 2666 tno
366 2592 495 2690 Spiritu
517 2605 644 2691 tuoque
675 2592 870 2688 Evangelio
897 2590 1036 2668 auribus
1064 2593 1202 2667 illorum
1229 2593 1410 2665 insonante

151 2696 187 2769 nd
203 2706 334 2771 rectam
355 2697 476 2773 salutis
493 2697 700 2771 reducantur
721 2700 831 2788 viam,
855 2721 943 2794 quoe
967 2700 1000 2768 in
1020 2720 1062 2770 eo
1086 2699 1151 2770 sita
1171 2704 1224 2769 est
1246 2707 1284 2767 nt
1302 2717 1409 2788 ogno-

151 2820 278 2875 tcnmns
298 2810 335 2873 te
361 2800 473 2876 solum
494 2822 617 2874 verum
639 2800 750 2872 Deum
773 2812 807 2873 et
829 2824 927 2898 quem
954 2803 1073 2875 misisti
1091 2799 1204 2875 lesum
1227 2797 1407 2871 Christum,

150 2902 318 3000 Rogamus
347 2913 382 2978 et
414 2915 451 2976 ut
476 2907 517 3000 ii,
551 2927 638 3000 quos
669 2906 733 2976 iam
763 2907 893 2996 gratiae
925 2916 1004 2978 tune
1034 2904 1157 2977 lavore
1185 2900 1343 2996 dignatus
1370 2920 1409 2975 es

149 3030 356 3106 quorumque
374 3008 543 3083 mentibus
563 3030 627 3105 per
648 3011 879 3101 cognitionem
894 3008 991 3082 verbi
1010 3010 1058 3081 tui
1076 3008 1237 3099 illuxisti,
1257 3004 1409 3101 quotidie

149 3112 323 3187 inmelius
347 3111 526 3209 proticiant
552 3110 783 3208 spiritualibus
808 3115 874 3187 tuis
904 3111 1197 3185 benedictionibus
1226 3110 1339 3198 ditati,
1373 3118 1410 3181 ut

149 3216 244 3291 simul
269 3237 390 3291 omnes
417 3237 486 3289 uno
512 3226 548 3290 et
578 3215 683 3288 corde
712 3225 746 3287 et
779 3238 841 3288 ore
873 3226 908 3289 te
936 3215 1139 3305 adoremus,
1170 3212 1409 3309 Christumque

149 3329 257 3411 hum,
280 3319 462 3394 Dominum
484 3329 657 3409 nostrum,
683 3317 817 3413 Regem
841 3329 875 3392 et
896 3319 1165 3413 legislatorem,
1191 3318 1324 3392 honore
1350 3315 1408 3388 de-

149 3420 213 3497 bito
235 3446 485 3520 prosequamur
506 3447 549 3495 uc
569 3426 659 3496 iusto
684 3421 850 3518 obsequio
878 3424 1040 3496 colamus.

225 3528 410 3601 Praeterea
433 3529 555 3617 etiam,
581 3526 718 3599 oDeus
742 3529 850 3601 omnis
878 3527 1123 3601 consolationis
1147 3535 1286 3612 auctor,
1314 3544 1406 3594 com-

150 3631 342 3708 uendamns
367 3631 428 3704 tihi
454 3651 678 3729 quoscunque
696 3632 801 3704 variis
822 3630 932 3703 modis
952 3633 1100 3724 castigas
1121 3628 1268 3728 populos
1282 3623 1323 3718 ²),
1350 3627 1408 3723 qui

150 3744 240 3831 peste
266 3736 326 3809 vel
353 3734 442 3807 lame
468 3735 529 3809 vel
548 3732 641 3807 hello
670 3733 785 3804 afllicti
817 3733 992 3825 laborant,
1025 3733 1179 3827 singulos
1213 3731 1314 3802 etiam
1347 3730 1408 3803 ho·

150 3842 274 3929 mines,
306 3840 363 3934 qui
389 3839 448 3912 vel
470 3846 670 3936 paupertate
694 3836 753 3908 vel
774 3859 916 3909 carcere
939 3837 998 3911 vel
1021 3836 1141 3909 morbo
1170 3834 1323 3907 exiliove
1350 3844 1407 3906 aut

151 3943 209 4014 alia
231 3942 303 4015 ulla
330 3945 486 4040 corporis
512 3947 587 4016 sive
615 3942 715 4010 animi
737 3961 896 4011 aerumna
921 3949 1137 4037 premuntur,
1161 3948 1196 4010 ut
1221 3938 1408 4034 prudenter

151 4054 340 4145 reputantes
364 4044 466 4119 finem
496 4046 556 4137 ¹tihi
585 4065 662 4118 esse
689 4046 900 4140 propositum
928 4066 989 4117 eos
1016 4044 1082 4117 tuis
1107 4040 1229 4117 ferulis
1255 4044 1290 4115 in
1316 4042 1407 4113 viam

143 4206 345 4221 *—

229 4290 258 4372 l)
281 4290 351 4352 dett.
366 4306 453 4363 avons
468 4290 594 4362 tonjonrs
611 4305 645 4345 ee
658 4289 721 4358 hut,
744 4303 795 4361 que
809 4293 908 4345 tontes.

226 4396 259 4479 2)
280 4396 349 4459 Gall.
369 4401 430 4454 tons
445 4380 516 4453 ceun¹
527 4406 580 4468 que
597 4399 626 4451 tu
641 4391 736 4452 visites
755 4389 913 4449 etchasties
927 4383 1069 4461 paternis
1084 4391 1112 4445 ot
1126 4381 1303 4444 tribulatione.
