2992 4926
717 184 791 255 eal

114 386 299 459 noterium
330 381 494 483 Capellae
520 382 602 463 lesu
637 384 801 484 deinceps
833 389 868 460 iu
898 398 1101 487 perpetuum
1132 390 1395 490 nuncupandum

116 488 357 563 deceruimus:
384 489 581 585 Privilegiis
602 492 743 589 iusuper
767 491 924 567 omnihus
947 504 983 566 ct
1005 494 1150 588 siugulis
1171 493 1396 571 Goemeteriis

119 602 155 666 ot
177 592 270 666 locis
297 592 495 690 sepulturae
522 593 729 691 abantiquo
756 598 968 671 consecratis
994 608 1198 694 competent.
1251 598 1397 673 Coemo·

119 698 245 770 terium
271 695 482 792 praedictum
509 700 586 772 sive
613 698 726 771 locum
750 699 949 796 sepulturae
975 702 1018 772 ad
1041 723 1177 775 omnem
1205 704 1288 778 iuris
1315 702 1395 775 elle

121 808 213 873 ctum
236 802 399 891 munitum
424 821 503 875 esso
521 801 683 878 volumus
703 813 738 875 et
758 813 920 899 quantum
947 806 980 876 iu
1002 803 1103 879 uobis
1124 816 1177 879 est
1199 816 1232 878 et
1253 806 1296 879 de
1321 808 1396 879 iuro

122 924 328 1001 possumus,
354 905 405 978 sic
431 909 598 980 munimus
628 915 662 979 et
688 905 875 981 stabilimus
902 929 965 1002 per
992 917 1203 1003 praesentes.

204 1007 354 1082 Proviso
379 1017 514 1098 tamen,
540 1007 631 1104 quud
660 1010 823 1105 praedict.
852 1009 1064 1103 Richardus‚
1089 1011 1246 1084 Heredes
1273 1021 1307 1083 et
1329 1011 1397 1084 As-

124 1111 346 1207 agnationi,
372 1133 415 1182 ac
439 1110 563 1206 reliqui
590 1114 625 1184 in
646 1111 735 1186 dicta
763 1112 866 1204 villa,
894 1111 1092 1204 Hamlettis,
1119 1125 1183 1187 etc.
1209 1113 1397 1185 inhabitan-

125 1225 174 1290 tes
200 1216 351 1313 propriis
376 1216 447 1290 suis
467 1214 656 1312 sumptibus
680 1216 807 1290 dictum
830 1214 1083 1289 Geometerium
1111 1216 1154 1290 de
1180 1227 1336 1312 tempore
1363 1218 1397 1287 iu

124 1329 278 1416 tempus,
303 1316 496 1391 indecenti
520 1329 608 1393 statu
630 1319 907 1409 conservabunt,
935 1330 971 1393 et
991 1321 1168 1396 clausuras
1190 1324 1284 1409 eius,
1312 1340 1396 1415 quo-

122 1426 186 1495 ties
212 1443 303 1518 opus
329 1420 432 1495 luerit
457 1421 666 1496 sufficienter
689 1435 722 1495 et
750 1427 999 1497 convenienter
1023 1425 1240 1521 reparabunt.
1282 1423 1397 1496 Salvis

122 1529 223 1599 etiam
244 1534 280 1596 et
299 1526 436 1597 omniuo
457 1529 646 1600 reservatis
666 1526 808 1600 Rectori
826 1528 1008 1601 Ecclesiae
1026 1528 1237 1604 Parochialis
1257 1536 1398 1602 sanctae

118 1628 254 1702 llariae
281 1627 497 1725 praedictae,
531 1651 573 1700 ac
600 1629 802 1702 Guardienis
830 1632 974 1727 aliisque
1000 1630 1164 1705 Ministris
1193 1632 1304 1705 dictae
1331 1631 1397 1701 Ec

120 1733 252 1805 clesiae
277 1752 341 1826 pro
362 1741 518 1826 tempore
540 1732 765 1807 existentibus
786 1736 820 1805 in
842 1745 1064 1830 perpetuum,
1093 1735 1248 1807 omnihus
1271 1745 1306 1805 et
1332 1736 1398 1807 sin-

118 1835 212 1929 gulis
242 1832 491 1923 oblationibus,
519 1838 734 1924 mortuariis,
768 1835 895 1908 Feudis
924 1846 959 1908 et
988 1837 1117 1926 vadiis,
1146 1860 1210 1932 pro
1242 1836 1399 1910 omnibus

119 1949 157 2010 et
185 1938 332 2029 siugulis
361 1936 547 2032 sepulturis
575 1937 790 2011 Mortuerum
823 1943 857 2009 in
891 1939 958 2010 hoc
984 1937 1222 2027 coemeterio,
1254 1948 1313 2009 aut
1344 1960 1399 2009 ra·

118 2044 217 2113 tione
244 2039 432 2112 eorundem
460 2040 503 2112 de
535 2044 611 2113 iure
638 2043 714 2114 sive
745 2040 993 2116 consvotudine
1025 2040 1170 2131 debitis,
1207 2051 1242 2113 et
1268 2044 1302 2111 iu
1330 2050 1398 2112 tam

117 2142 246 2240 amplis
270 2142 373 2215 modo
397 2142 585 2231 etfama,
613 2166 654 2215 ac
674 2147 703 2217 si
723 2167 894 2240 personae
917 2144 1115 2239 praedictas
1135 2145 1292 2239 sepultae
1317 2141 1400 2217 fuis-

118 2256 200 2320 seut
226 2249 263 2316 iu
282 2243 502 2318 Coemetorio
522 2245 674 2320 Matriois
695 2245 876 2320 Ecclesiae
895 2247 1101 2342 praedictae.
1149 2245 1242 2331 Quas
1263 2245 1400 2342 quidem

118 2348 317 2423 oblationes
346 2357 380 2421 et
406 2352 613 2438 mortuaria,
649 2349 752 2421 leuda
781 2361 816 2420 et
849 2349 949 2420 vadia
978 2351 1090 2421 omnia
1120 2358 1154 2421 et
1187 2349 1322 2441 singula
1350 2351 1400 2423 sic

119 2453 165 2525 do
184 2454 261 2523 iure
282 2474 323 2523 ac
344 2452 593 2532 consuetudine
615 2451 726 2523 debita
750 2451 912 2540 Hectori,
934 2448 1154 2542 Guardianis‚
1181 2463 1217 2524 et
1234 2451 1398 2524 lllinistrio

119 2556 235 2628 dictae
256 2552 408 2627 Matricis
427 2553 609 2628 Ecclesiae
630 2578 693 2650 pro
714 2564 871 2650 tempore
892 2554 1118 2628 existentibus
1139 2558 1173 2627 in
1195 2565 1398 2652 perpetuum

121 2657 303 2746 solvendi,
331 2660 550 2753 quantumin
577 2656 772 2746 cohaesi,
799 2668 833 2730 et
860 2661 1149 2755 impatienter,
1176 2680 1398 2732 reservamus

120 2784 186 2860 per
214 2770 436 2856 praesentes:
466 2760 572 2833 Salva
594 2762 674 2832 item
694 2760 794 2833 nohis
817 2771 851 2832 et
871 2762 1132 2836 successoribus
1153 2765 1300 2849 nostris,
1327 2771 1400 2832 tan-

123 2885 224 2960 quam
248 2864 316 2936 loci
333 2861 538 2953 Ordineriis‚
564 2873 735 2959 potestate
757 2862 916 2936 visitandi
939 2863 1064 2933 dictum
1080 2861 1333 2934 Coemeterium
1356 2861 1399 2934 de

124 2977 281 3062 tempore
303 2969 336 3037 iu
357 2977 509 3062 tempus,
531 2976 565 3038 el
587 2966 778 3062 inquirendi
792 2987 835 3036 au
851 2963 1061 3038 sufficienter
1081 2974 1275 3060 reparatum
1296 2963 1400 3036 luerit

124 3073 158 3141 in
186 3069 375 3159 clausuris3
415 3079 449 3142 et
475 3091 518 3139 an
547 3073 659 3141 omnia
692 3069 736 3143 ibi
767 3068 930 3141 decenter
962 3078 996 3140 et
1028 3067 1215 3140 secundum
1244 3065 1400 3140 ordinem

124 3172 225 3261 llant3
252 3171 315 3264 Et,
336 3175 496 3247 siminus
516 3171 615 3262 fiant,
641 3194 703 3268 per
725 3193 890 3245 censuras
907 3169 1172 3245 Ecclesiasticus
1193 3168 1400 3264 corrigendi.

208 3287 291 3352 Nach
312 3287 466 3370 Eudipuug
488 3289 595 3350 dassen
616 3288 664 3350 hat
686 3288 737 3351 der
757 3288 888 3351 Blached
906 3289 957 3350 aul
976 3288 1113 3369 lolgoudo
1130 3288 1183 3351 Art
1204 3287 1328 3351 abemnal
1350 3306 1401 3368 go·

122 3393 239 3550 hmll
266 3476 376 3567 Herr,
404 3474 485 3549 Gott
510 3477 722 3567 Abrahams,
752 3475 867 3550 Isaacs
894 3476 962 3548 und
990 3475 1136 3564 Jacobs,
1164 3475 1247 3548 weil
1275 3474 1318 3548 du
1346 3478 1402 3547 ein

122 3581 226 3671 Gall,
252 3580 347 3653 nicht
368 3580 431 3652 der
452 3580 609 3670 Todten‚
636 3579 787 3654 sonderu
810 3578 871 3650 der
892 3577 1116 3672 Leboudigen
1138 3578 1222 3667 bist,
1250 3576 1402 3650 dadurch

120 3689 277 3778 ueigestp
301 3683 380 3759 dass
402 3683 557 3757 dieselhe
578 3683 698 3773 leben,
723 3682 791 3754 und
814 3681 907 3754 nicht
928 3681 1002 3754 todt
1022 3679 1119 3769 siud,
1142 3679 1208 3753 und
1231 3680 1310 3753 dass
1332 3680 1402 3776 bey

120 3789 176 3861 dir
205 3787 328 3877 leben,
364 3786 420 3858 die
447 3784 582 3860 Geister
608 3787 695 3859 aller
728 3784 831 3855 dener
862 3785 917 3855 die
951 3787 984 3855 iu
1012 3784 1089 3856 dem
1109 3782 1223 3855 Herrn
1250 3783 1402 3876 sterben,

120 3891 192 3965 und
216 3891 286 3985 bey
308 3888 480 3961 walchem
509 3890 565 3961 dle
588 3888 716 3962 Seelen
743 3887 805 3957 der
825 3885 1118 3975 Auserwehltem
1155 3886 1320 3958 uaohdem
1351 3889 1403 3959 sie

119 4016 196 4067 von
219 3994 280 4065 der
300 3993 415 4064 Biirde
440 3992 521 4065 dess
541 3991 720 4064 Eleisches
740 3988 918 4084 betrays,
944 3993 978 4059 iu
997 3987 1099 4060 Fried
1124 3989 1192 4061 und
1214 3986 1401 4061 Gliicksee·

120 4097 248 4191 ligkeit
261 4095 382 4169 leben:
407 4096 461 4167 Du
477 4095 553 4169 hast
568 4092 816 4190 versprochem
832 4092 911 4164 dass
929 4092 973 4162 du
989 4093 1043 4163 die
1058 4090 1247 4165 Menschen
1261 4092 1404 4168 wollest

120 4225 167 4274 uu
183 4200 291 4273 Staub
306 4198 452 4271 werden
467 4200 594 4286 lussona
616 4198 685 4270 und
701 4194 851 4269 hernach
870 4217 996 4288 segent
1024 4195 1181 4268 Kommet
1201 4195 1334 4267 wieder
1351 4194 1403 4268 ihr

119 4302 454 4378 Meuschenkiuderl
481 4301 536 4373 Du
558 4300 624 4374 bist
642 4301 704 4371 dor
722 4299 802 4372 Gott
824 4298 885 4370 der
902 4296 1078 4387 Warheit‚
1101 4298 1170 4369 und
1193 4298 1268 4370 hast
1285 4319 1323 4370 es
1342 4320 1403 4392 ge-

120 4417 211 4502 sagt.
267 4406 323 4478 Du
350 4405 417 4478 bist
439 4404 502 4477 der
529 4401 609 4477 Gott
637 4405 698 4475 der
724 4401 833 4475 Krallt
865 4401 934 4473 und
960 4400 1094 4491 Macht‚
1127 4400 1195 4473 und
1230 4406 1329 4475 wirst
1363 4422 1401 4473 es
