2992 4926
653 240 728 315 loo

10 434 158 503 tunensi
181 456 248 505 nun
276 449 324 505 est
343 442 402 505 hou
428 441 545 525 quidem
573 441 641 505 loeo
669 441 811 524 propositi
838 444 1015 527 institutique
1036 449 1143 527 nostri,
1174 449 1322 539 copiosius

12 540 98 607 ho
121 540 365 625 disputationem
387 545 533 626 persequi.
577 543 684 605 Verum
706 554 738 607 ut
756 546 793 607 iis
813 548 1061 628 satisfaceremus,
1091 552 1140 631 qui
1166 570 1218 631 per
1239 555 1321 632 iguo·

18 644 155 707 rufium
177 662 222 707 eu
243 647 360 709 numine
381 645 490 709 odeudi
508 655 644 727 possent,
673 649 924 727 operaepretium
945 649 1029 712 nohis
1050 653 1144 713 risum
1164 661 1226 730 est,
1252 669 1322 715 uou-

22 744 101 811 nhtt
122 746 230 811 ohitur
248 747 286 811 de
304 768 341 811 ea
359 768 391 811 re
412 767 647 811 commemorare.
692 748 786 824 Quum
807 752 882 812 euim
900 750 1113 815 Sacramentum
1131 753 1246 815 Domini
1267 763 1324 815 tam

26 846 135 911 mltis
157 849 340 933 corruptelis
359 868 394 912 uo
408 851 485 913 uitiis
501 852 676 932 inquinatum
691 869 725 912 au
744 850 888 913 foedatum
911 872 979 914 esse
998 854 1175 917 videremus:
1197 864 1228 916 ut
1241 856 1323 917 hisee

30 948 121 1013 ulia
143 952 309 1015 remedium
330 951 542 1032 adhiberemus,
564 970 690 1016 neeesse
703 953 851 1015 habuimus
873 955 959 1017 multu
981 958 1138 1036 immutare,
1161 976 1235 1038 quae
1258 976 1323 1038 per·

33 1070 143 1135 petum
168 1074 208 1117 ae
226 1056 334 1118 uitiosa
354 1055 515 1118 introductu
537 1057 668 1134 fuerunt,
699 1064 778 1116 oerte
808 1057 836 1116 iu
861 1074 1028 1135 perversum
1053 1076 1087 1121 uo
1108 1070 1323 1139 praeposterum

36 1172 127 1219 m
147 1156 273 1223 detorta.
317 1156 403 1233 Quod
422 1175 481 1239 quo
503 1160 610 1220 rectius
632 1158 810 1235 laceremus,
833 1178 907 1239 quae
922 1159 1035 1221 taudem
1057 1163 1153 1241 potius
1175 1162 1323 1243 sequenda

40 1274 113 1331 nse
135 1259 213 1321 ustio
238 1256 406 1336 ridebatur,
436 1276 521 1339 quam
542 1261 567 1320 si
593 1259 629 1321 ud
650 1278 751 1339 purum
772 1268 801 1320 et
822 1262 1016 1339 incorruptum
1039 1260 1145 1323 Christi
1167 1265 1323 1325 institutum

41 1376 108 1423 m
126 1376 241 1423 ousueru
259 1358 481 1423 revocaremus?
503 1361 582 1442 quod
601 1379 671 1422 saue
685 1360 824 1441 religiose
846 1381 881 1423 uu
895 1362 971 1425 hona
990 1362 1046 1424 tide
1069 1364 1321 1445 (quemadmodum

45 1462 118 1523 ntis
138 1460 263 1541 intelligi
283 1460 369 1544 tteet)
398 1464 513 1543 sequuti
532 1481 639 1528 sumus.
684 1462 763 1525 Haeo
789 1466 864 1526 euim
887 1464 951 1543 ipsa
973 1464 1133 1526 emendatio
1156 1475 1216 1545 est,
1239 1484 1323 1547 quam

47 1562 134 1625 uutts
152 1561 259 1625 Paulus
278 1565 477 1646 praescripsit.

303 2170 340 2244 (l.
393 2172 458 2246 EX
484 2172 705 2249 LITURGIA
731 2170 1065 2247 NEOBURGENSI.

410 2356 458 2423 tu
480 2358 617 2441 tsmrqte
640 2360 680 2422 de
701 2360 734 2423 lo
754 2361 856 2422 solute
878 2356 968 2423 Gerre.
1142 2290 1146 2297 ι

138 2546 198 2618 Au
224 2543 315 2618 Nom
343 2545 388 2617 du
415 2546 523 2637 Pers,
560 2546 606 2617 du
633 2546 724 2637 Fils,
753 2558 787 2619 et
809 2547 853 2618 du
876 2544 974 2619 Saiut
994 2543 1128 2641 Espritr
1155 2543 1278 2615 Amen.

139 2648 284 2721 Ollieu
305 2646 449 2722 Etermel
481 2660 517 2721 et
537 2649 797 2746 Toutpuissaut
824 2672 891 2744 que
919 2660 1034 2723 toutes
1062 2649 1115 2719 les
1136 2644 1322 2718 creaturos

63 2748 170 2825 ludent
183 2762 220 2825 et
239 2750 415 2845 glorihent
431 2774 566 2825 commo
586 2753 663 2824 leur
681 2750 850 2824 Greateur
870 2763 905 2824 et
926 2753 1003 2823 leur
1023 2749 1218 2823 Souverain
1234 2745 1321 2819 hlai-

61 2860 120 2943 tre;
153 2852 253 2929 Nous
279 2852 332 2926 Te
357 2858 477 2952 prious
504 2859 654 2949 qu’etunt
688 2853 878 2928 assemotes
910 2876 998 2949 pour
1029 2853 1215 2947 participer
1241 2854 1261 2919 h
1289 2850 1322 2920 lu

61 2953 169 3029 intuto
196 2956 314 3047 cone,
342 2980 408 3053 que
431 2968 490 3029 tom
515 2956 587 3031 Fils
610 2956 712 3031 lesus
734 2954 848 3028 christ
873 2953 982 3026 thre
1005 2952 1165 3027 Sauveur
1190 2971 1321 3024 uousu

60 3059 210 3133 ortuum
237 3058 282 3131 de
303 3060 465 3132 celebrer
488 3082 533 3132 en
554 3062 722 3131 memoire
749 3059 792 3130 de
818 3080 857 3132 su
877 3056 989 3146 Mori,
1017 3056 1070 3128 Tu
1096 3076 1183 3128 nous
1210 3054 1322 3126 fusses

61 3160 220 3236 luGruee
247 3161 291 3233 de
316 3184 406 3235 nous
438 3166 593 3258 aequiter
619 3162 664 3233 de
691 3184 733 3233 ee
758 3162 892 3233 Devoir
921 3161 1098 3252 religieux
1124 3158 1225 3228 d'uue
1252 3175 1322 3226 ruu-

61 3267 159 3353 uiere
177 3266 236 3363 qui
254 3262 306 3335 'l'e
326 3269 395 3337 soit
411 3265 590 3358 agreuhle,
613 3287 676 3360 par
697 3264 731 3334 le
752 3267 865 3335 meme
885 3261 987 3336 lesus
1002 3259 1133 3333 christu
1156 3260 1279 3330 Amen.
1290 3252 1323 3353 ¹)

139 3382 314 3473 lleoutes,
341 3382 418 3458 hies
438 3382 589 3473 Freres,
615 3380 831 3456 l’lustitutiou
859 3381 902 3453 de
931 3383 964 3453 lu
985 3378 1102 3454 Suiute
1126 3375 1242 3465 Ceus,
1270 3396 1325 3449 se·

63 3484 114 3559 lou
132 3508 200 3585 pue
224 3484 261 3561 S.
285 3486 372 3559 Paul
395 3488 427 3558 la
447 3496 611 3584 rapporte
642 3485 727 3559 daus
755 3485 787 3556 lu
810 3486 982 3581 premiere
1011 3481 1132 3581 Epitre
1162 3503 1231 3552 aux
1257 3476 1325 3548 Go-

64 3588 253 3665 riuthieus.'

138 3708 204 3781 J’ai
225 3710 312 3805 repd
334 3706 380 3779 du
402 3704 595 3802 Seigueur,
626 3716 690 3777 eto.

144 3826 245 3901 Vous
271 3848 384 3901 ueuou
411 3826 612 3899 d'eutendre
639 3832 810 3896 comment
833 3818 935 3895 lesus
957 3817 1069 3892 Christ
1091 3839 1109 3886 a
1131 3814 1268 3887 institue'
1290 3812 1325 3885 la

15 4008 20 4013 ,
71 3926 173 4005 Suiute
200 3927 318 4017 (ldae,
353 3941 388 4002 et
415 3938 587 4001 comment
614 3927 683 3997 elle
710 3924 782 3997 doit
810 3928 883 3996 otro
911 3923 1072 3995 celebres
1102 3938 1190 3986 aveo
1215 3914 1266 3988 foi
1292 3925 1327 3987 et

10 4110 15 4121 ,
70 4050 144 4105 suso
169 4052 366 4105 reuereuoe
392 4031 478 4107 daus
500 4028 644 4124 l’Eglise
667 4051 729 4127 par
751 4037 830 4100 tous
853 4027 905 4099 les
927 4023 1049 4095 fideles
1067 4022 1204 4115 jusqu’h
1226 4019 1259 4089 la
1282 4016 1328 4091 hu

10 4134 25 4236 ξ
71 4130 252 4209 lumonde.
300 4132 369 4207 Pur
391 4136 439 4205 oh
460 4155 549 4207 uous
568 4151 707 4227 voyons
730 4130 811 4225 qu'il
831 4135 889 4222 u'y
910 4150 928 4197 u
950 4146 1017 4220 que
1038 4123 1089 4197 les
1106 4124 1201 4196 urnis
1221 4118 1328 4193 Chre-

10 4244 26 4319 ἱ
71 4236 142 4313 leus
169 4238 230 4335 qui
262 4235 404 4309 doivent
430 4258 456 4331 y
484 4240 558 4309 dtre
588 4233 705 4307 admis.
754 4232 873 4320 Ainsi,
908 4230 1045 4301 suivant
1076 4225 1109 4296 lu
1133 4222 1235 4317 regie
1262 4244 1329 4319 que

139 4484 337 4571 dap&

1038 4570 1128 4648 11*
