2992 4926
10 80 106 147 aab
128 94 183 159 ιι,
202 95 318 176 canoa,
347 116 383 161 or
402 78 481 177 else,
511 116 550 162 ou
569 108 673 179 urgent
692 98 845 178 occasion,
877 116 954 181 upon
975 118 1058 165 mane
1079 104 1163 167 nater
1181 104 1300 185 Sandan
1326 126 1360 171 or

8 174 243 277 *fletuum
266 202 294 261 in
317 200 366 261 ιιι
387 200 452 262 iace
468 200 502 261 ui
521 201 568 261 tire
585 198 716 279 Girurch,
739 201 826 263 admit
845 202 901 263 irim
921 202 1088 285 alleacou,
1110 210 1139 269 in
1155 208 1227 271 euch
1243 226 1360 273 manner

45 280 136 355 Η
155 298 230 363 iam
251 320 285 363 as
304 302 449 365 hmeaiter
473 302 630 365 totiassii.
648 304 675 383 ¹)

617 434 688 443 ...-
711 434 739 441 .-
757 434 820 441 --.--

214 520 290 585 tila
311 522 417 585 FORD!
439 523 518 587 aaa
539 524 700 587 MANNER
722 522 771 585 OF
794 522 942 585 mamas
965 522 1014 586 OF
1036 524 1227 589 DEAGONS.

165 656 261 718 When
283 659 331 718 tlte
350 656 406 735 day
420 661 575 739 appointed
597 662 636 735 by
657 661 705 720 the
720 661 828 740 Bishop
851 663 875 721 is
897 678 998 738 corne,
1022 662 1095 722 aiter
1108 661 1240 744 iioming
1254 662 1360 741 Prapcr

67 738 109 807 ῙΙ
127 757 239 837 maed,
262 759 343 820 there
362 760 434 821 shall
457 762 493 821 be
514 782 530 821 a
553 762 674 823 Sermon
697 782 730 823 or
747 762 950 841 Exhortation,
975 763 1122 843 declaring
1143 765 1191 825 the
1206 764 1284 843 Dutp
1305 766 1358 827 and

68 838 173 920 once
196 858 232 921 ci
251 860 322 921 enclr
346 879 378 921 as
394 879 476 921 come
499 872 529 922 to
548 862 585 923 be
603 864 737 924 admitted
753 862 907 943 Iicacons,
930 865 995 924 irow
1017 883 1172 941 necessary
1193 866 1252 927 that
1267 865 1359 928 order

65 940 106 1009 f!
128 958 156 1021 in
182 960 233 1021 tlte
254 958 369 1022 charein
397 962 430 1021 ol
450 961 563 1039 Christ,
594 965 648 1025 aad
669 966 748 1043 also,
782 967 849 1026 loru
878 967 925 1027 tias
948 966 1055 1046 people
1078 968 1167 1043 ought
1194 978 1224 1028 to
1249 976 1357 1029 estcern

67 1050 149 1123 uem
174 1064 205 1123 in
226 1062 302 1124 tlreir
322 1062 425 1123 Oiiice.
442 1064 472 1141 ²)

156 1178 238 1241 Eiret
261 1179 309 1240 ιιι
329 1178 534 1258 Αιιιιιιιιοιι,
565 1198 599 1241 or
617 1182 661 1242 inis
683 1181 818 1263 Depaty,
851 1181 923 1244 shall
946 1194 1063 1262 present
1092 1194 1159 1245 nuto
1182 1184 1231 1246 ιιι
1249 1182 1358 1266 Bieluop

77 1272 194 1363 (eitdug
213 1280 244 1343 in
265 1280 310 1341 luis
332 1280 411 1343 claair
432 1300 502 1344 near
523 1291 552 1343 to
572 1282 621 1343 the
643 1282 712 1362 lroly
727 1282 831 1363 Tabie)
854 1282 925 1343 such
946 1302 979 1343 as
1003 1284 1099 1345 desire
1119 1294 1148 1345 to
1166 1286 1204 1346 be
1223 1284 1359 1348 arduined

72 1370 230 1461 licacons,
255 1382 343 1465 (each
365 1382 493 1446 sitirem
516 1385 605 1465 being
626 1384 761 1463 decently
782 1384 929 1462 habited,)
952 1388 1054 1464 saying
1075 1386 1158 1447 these
1180 1386 1292 1465 words,
1309 1388 1337 1465 ⁸)

68 1500 294 1523 m

66 1588 135 1649 reat
149 1588 183 1647 in
199 1588 378 1662 impositione
399 1608 522 1647 manuum
543 1591 595 1647 sibi
617 1592 759 1650 assistere.
795 1590 875 1659 Quod
894 1592 920 1647 si
936 1589 1088 1663 Episcopus
1105 1592 1227 1662 legitime
1241 1592 1357 1667 impedi·

60 1670 108 1735 ΙΙΙ
131 1672 286 1750 praedicta
306 1674 423 1732 examini
447 1694 547 1733 vacare
569 1684 703 1751 nequeat,
726 1677 792 1734 iilad
814 1684 904 1733 ιιιιιιι
922 1694 936 1731 ι
956 1677 1087 1748 paracletis
1103 1676 1234 1734 llinistris
1248 1678 1357 1737 solicite

57 1754 126 1819 teri
143 1760 321 1837 procurabit.
355 1761 471 1820 Proviso
487 1780 612 1836 semper,
634 1771 664 1820 at
686 1763 731 1837 qui
747 1763 886 1836 Episcopo
908 1762 935 1818 iu
952 1761 1025 1820 dicta
1041 1762 1241 1820 examinatione
1256 1769 1284 1821 et
1299 1781 1355 1821 aaa·

56 1856 150 1905 naun
175 1845 355 1919 impositione
370 1846 470 1905 adesse
490 1847 624 1921 debeant,
645 1849 680 1905 de
702 1848 789 1922 ipsias
805 1847 960 1907 Cathedrali
974 1846 1098 1905 Ecclesia
1118 1848 1234 1905 existant
1255 1846 1356 1927 (siqui-

53 1926 127 1993 den
145 1948 249 1989 eornm
264 1931 378 1991 incultae
394 1930 517 2009 dabitur)
532 1934 634 2007 alioqui
649 1942 707 1991 tres
722 1933 757 1990 ad
773 1935 859 1991 miuus
873 1933 965 1991 idonei
979 1933 1196 1991 Goucionatores
1210 1951 1245 1991 ex
1260 1932 1356 1990 eadem

54 2014 200 2077 lloecai
216 2016 415 2077 adsciscantur.
446 2018 525 2086 onec
540 2022 563 2077 si
580 2021 639 2093 quis
650 2018 804 2093 Episcopus
821 2020 864 2075 set
880 2018 1071 2091 suffraganeas
1087 2020 1114 2076 in
1129 2035 1225 2076 sacros
1237 2018 1355 2075 Ordines

52 2102 231 2179 que-piata
245 2102 306 2160 eine
328 2103 476 2177 praedictis
496 2104 689 2177 qualitatibus,
713 2112 758 2162 ιιιι
781 2106 852 2163 iusto
874 2101 1029 2181 (utsupra)
1055 2104 1176 2162 examine
1199 2102 1354 2177 cooptarita

55 2202 119 2261 {aer
134 2188 304 2247 Provinciae
323 2206 389 2245 suae
402 2189 648 2264 Archicpiseopam
671 2208 702 2248 ea
727 2191 761 2247 de
783 2191 983 2249 re·certiorem
1005 2193 1102 2248 laetum
1122 2188 1278 2265 (assidente
1299 2204 1354 2245 uno

54 2276 124 2335 ulio
141 2272 302 2351 Episcopo)
319 2275 353 2331 ιι
377 2275 450 2332 omni
466 2275 584 2333 Ordines
607 2278 768 2335 conterendi
790 2283 928 2352 potestate
950 2280 978 2336 in
998 2278 1130 2343 integrata
1146 2272 1291 2331 trienninm
1307 2292 1353 2331 ee-

58 2360 213 2421 etedetnn.

159 2460 192 2537 l)
211 2458 268 2518 El:
287 2460 428 2535 Scriptura
441 2480 502 2529 may
515 2477 588 2536 upon
600 2463 710 2529 Suades
721 2478 754 2520 or
767 2463 833 2531 help
849 2462 903 2531 day
916 2464 943 2519 in
958 2462 1004 2517 tire
1020 2459 1088 2513 iace.
1118 2460 1194 2517 sm:
1213 2458 1353 2533 Scriptura

65 2549 126 2607 aad
147 2545 303 2607 otherwise
322 2547 436 2604 learned
458 2565 489 2605 as
512 2550 557 2606 tire
574 2550 684 2606 Canens
705 2549 832 2621 require,
856 2564 916 2615 may
934 2552 961 2601 at
981 2545 1026 2599 ιιι
1049 2544 1127 2599 times
1148 2544 1299 2616 appointed
1321 2562 1353 2602 or

65 2636 142 2705 elae,
157 2648 197 2691 un
212 2639 314 2705 ament
329 2635 471 2705 amesiae,
485 2650 558 2707 upon
574 2652 650 2691 some
666 2636 747 2690 other
761 2634 823 2702 day.
870 2634 960 2685 venun
975 2627 1075 2683 xxxi:
1096 2628 1159 2684 Cum
1178 2627 1269 2701 prisca
1283 2630 1351 2687 Sau-

69 2728 182 2779 eternna
199 2718 305 2775 Petrum
319 2718 495 2790 Auctoritas,
518 2721 714 2793 Apostolorum
736 2718 860 2785 exemplo
883 2714 969 2781 irata,
993 2714 1019 2767 in
1038 2713 1154 2770 solemni
1168 2714 1351 2771 dlinietroruna

69 2804 253 2867 ardineume
269 2821 416 2879 preessae
433 2805 531 2863 ieiunia
551 2807 715 2863 celebranda
736 2798 921 2879 praeceperat
946 2797 1095 2872 iisdemque
1111 2799 1182 2856 ”10⁰
1197 2816 1309 2875 precam
1324 2808 1352 2857 tl

69 2892 239 2953 ieiuniorum
254 2888 354 2947 ciliciis
369 2898 439 2949 stata
455 2890 586 2963 quaedam
602 2900 725 2965 tempora
739 2903 773 2941 cx
788 2885 916 2958 proiesso
933 2884 1107 2955 decreverit,
1128 2885 1155 2941 in
1172 2886 1268 2959 quimus
1282 2886 1350 2943 dau·

69 2983 148 3037 tani
168 2976 244 3033 sacri
262 2975 374 3033 ordines
392 2984 485 3034 essent
508 2978 683 3034 confercndi:
704 2972 759 3027 ilos
781 2977 902 3027 sanctum
926 2977 953 3025 et
974 2970 1046 3043 pium
1069 2971 1220 3029 institutum
1242 2970 1350 3030 illorum

70 3064 217 3133 caleam,
235 3060 358 3119 uolumus
374 3070 402 3120 et
417 3061 574 3133 statuimus,
593 3070 621 3119 ut
637 3056 700 3115 nulli
716 3057 741 3111 in
756 3062 896 3129 posterum
912 3056 1069 3125 anesus-asni
1085 3063 1129 3114 aut
1144 3058 1258 3115 Diaconi
1274 3058 1350 3116 ardi-

68 3146 403 3221 nomanatissimus
418 3148 567 3205 Itoninicis
582 3142 734 3203 immediate
750 3143 927 3214 sequentibus
943 3142 1042 3199 ieiunia
1059 3150 1175 3215 quatuor
1190 3152 1350 3217 temporum,

71 3236 159 3307 ulau
181 3232 347 3307 aeptimanas
365 3234 485 3291 cinerum
501 3234 535 3288 ad
550 3246 646 3304 proces
663 3233 690 3283 et
708 3227 807 3284 ieiunia
823 3227 919 3303 (idque
935 3229 1005 3284 hunc
1022 3230 1108 3300 ipsum
1124 3229 1152 3284 iu
1168 3226 1258 3305 usum)
1279 3228 1350 3286 anti-

72 3322 164 3397 quitus
177 3319 317 3377 inatitataa
330 3326 411 3393 atque
428 3322 454 3377 in
469 3315 589 3375 Ecclesia
607 3312 759 3384 Angiicaua
776 3310 860 3369 hodie
874 3314 1053 3371 continuatas.
1088 3313 1166 3381 Quod
1182 3315 1274 3389 utique
1289 3315 1348 3371 deri

73 3406 198 3465 volume
216 3404 244 3461 iu
260 3403 382 3463 Ecclesia
400 3400 554 3461 Galledrali
572 3400 615 3456 uel
633 3398 782 3455 l’aroehiali
801 3398 845 3455 abi
862 3398 1014 3473 Episcopus
1031 3406 1215 3457 commoratur
1230 3416 1263 3455 ac
1280 3406 1348 3456 tem·

73 3510 142 3567 pere
156 3488 328 3561 diuinorum,
348 3492 490 3549 assistente
513 3502 568 3543 non
591 3486 678 3541 solum
693 3482 897 3542 Archidiacono
914 3484 962 3541 sed
980 3492 1006 3540 et
1022 3486 1133 3542 Decano
1152 3492 1179 3543 et
1194 3485 1301 3543 dnobus
1314 3482 1347 3541 ad

74 3580 160 3637 nius
173 3574 383 3635 Praetendens
396 3581 440 3631 aut
454 3572 523 3647 (illis
539 3571 662 3643 legitime
676 3570 808 3647 detentis)
818 3578 934 3643 quatuor
950 3569 1005 3626 illis
1017 3570 1193 3641 grauioribus
1208 3570 1348 3644 personis,

73 3680 141 3739 paea
156 3660 283 3735 leu'atri
297 3662 392 3719 artium
407 3659 441 3716 ad
457 3656 592 3715 minimum
608 3656 763 3714 exstiterint
778 3664 805 3713 et
820 3673 871 3731 pro
886 3655 1003 3731 publicis
1018 3656 1261 3715 concionatoribus
1275 3655 1347 3728 legi·

72 3750 134 3809 tiae
147 3764 165 3807 a
205 3747 305 3805 rotati.

155 3764 204 3907 ’pp
211 3832 270 3892 ttt.:
286 3830 372 3900 mma,
391 3830 473 3886 when
488 3829 534 3885 ιιι
549 3829 603 3899 dap
619 3827 768 3904 appointed
786 3827 823 3898 by
844 3830 891 3884 the
905 3826 1007 3902 Bishop
1030 3826 1053 3885 is
1069 3842 1164 3899 come,
1184 3828 1262 3884 there
1277 3826 1347 3884 ιιιΙΙ

72 3922 105 3980 le
117 3936 154 3978 an
169 3916 361 3987 eucaristiae,
383 3915 525 3987 declaring
547 3917 593 3972 the
611 3914 677 3983 duty
692 3913 744 3971 aad
760 3914 841 3971 oidce
856 3914 889 3969 oi
900 3914 966 3971 such
982 3930 1012 3969 as
1029 3929 1106 3970 corne
1122 3920 1150 3969 to
1166 3912 1201 3970 ba
1215 3912 1347 3971 admitted

71 4006 224 4075 linietcra,
243 4002 309 4059 horr
325 4018 475 4069 necessary
489 4003 554 4059 such
571 4001 668 4058 orders
683 4017 730 4057 are
744 4000 771 4057 in
787 4000 833 4056 the
848 3999 948 4056 charch
967 4000 1000 4057 ol
1014 3998 1121 4070 christ,
1141 3997 1193 4055 and
1208 4000 1268 4057 also
1282 4000 1346 4057 how

69 4092 113 4151 tlte
126 4090 236 4167 people
253 4088 341 4161 ought
353 4093 382 4146 to
400 4093 503 4145 eeteem
518 4089 590 4143 thern
607 4090 633 4143 in
650 4086 720 4144 their
737 4086 875 4144 uocation.

150 4177 185 4254 3)
207 4176 266 4233 El:
282 4174 362 4231 Alter
376 4174 423 4231 ιιι
438 4174 610 4231 exhortation
626 4171 730 4244 ended,
749 4173 795 4228 ιιι
810 4169 998 4242 archdcacou,
1019 4188 1051 4228 or
1074 4170 1115 4228 his
1137 4169 1255 4245 deputa,
1278 4168 1347 4227 alaall
