2992 4926
654 234 703 311 59

35 435 128 527 listi,
159 437 352 529 beneficio,
388 440 467 514 dum
499 440 543 514 ad
570 442 862 542 participationem
896 439 975 514 Filii
1001 443 1050 516 tui
1077 438 1158 518 Iesu
1187 434 1314 516 consu

39 564 107 616 nos
127 542 325 633 adduxisti,
354 568 454 641 quem
483 569 547 643 pro
570 546 669 621 nobis
696 550 797 618 morti
817 567 939 643 passus
963 566 1001 618 es
1025 546 1132 636 tradi,
1165 556 1200 618 et
1222 566 1314 617 uano

42 650 77 719 in
97 648 192 719 vitae
209 658 373 721 aeternae
395 650 590 723 alimentum
612 652 803 747 impertiris.
819 648 844 739 ¹)
880 649 952 721 Iam
969 671 1057 723 vero
1079 660 1171 722 tuam
1192 653 1228 721 in
1248 668 1313 723 nos

42 770 262 849 prosequens
294 750 572 843 beneficentiam,
605 775 650 826 no
680 774 827 850 unquam
856 754 942 826 haeo
967 775 987 824 a
1017 753 1116 826 nobis
1147 752 1314 828 oblivioni

46 852 118 927 dari
143 859 344 952 permittas,
371 857 432 930 sed
459 856 515 928 ia‘o
541 859 654 954 potins
681 867 718 928 ut
745 856 971 930 socordibus
997 856 1164 953 insculpta
1189 876 1314 951 geren-

44 967 96 1029 tes
114 957 338 1055 proficiamus
362 970 397 1032 at
423 982 620 1036 crescamus
646 964 681 1032 iu
703 959 789 1049 nte,
824 982 911 1056 quae
937 959 980 1032 ad
1006 981 1108 1033 omne
1136 980 1223 1057 opus
1251 958 1314 1032 bo-

47 1078 124 1131 aa!
158 1064 205 1135 sit
239 1061 372 1135 efficax.
426 1062 525 1135 Unde
554 1066 656 1136 etiam
684 1062 759 1153 ἢεί,
791 1072 829 1136 ut
854 1063 1023 1159 reliquum
1054 1066 1148 1136 vitas
1174 1072 1315 1137 nostrae

49 1184 183 1237 eursu!
208 1168 449 1263 propagationi
479 1166 612 1260 gloriae
644 1178 724 1239 tuae
754 1175 788 1238 et
821 1166 1047 1239 aedificationi
1078 1168 1315 1263 proximorum

49 1266 264 1341 dediaemus:
291 1292 356 1367 per
375 1270 472 1342 ilium
498 1273 608 1368 ipsum
634 1270 747 1343 lesum
776 1268 946 1343 Christum
968 1269 1091 1342 Filium
1115 1280 1230 1359 tuum,
1257 1270 1315 1365 qui

49 1371 238 1547 ipnrplnitato
271 1377 380 1448 sancti
407 1373 554 1471 Spiritus
590 1376 677 1448 vivit
707 1384 822 1446 tecum
850 1384 884 1447 et
917 1383 1040 1469 regnat
1065 1377 1100 1446 in
1127 1384 1313 1447 aeternum.

51 1678 215 1745 dmediotio
241 1698 326 1763 qoam
349 1679 478 1745 liinister
506 1679 615 1762 populo
642 1680 808 1742 discessuro
841 1690 988 1762 preoatar,
1017 1681 1173 1744 seeundum
1203 1680 1315 1744 dirimo

529 1783 616 1864 Legis
636 1792 832 1865 praeseptum.

128 1956 319 2031 Benedicat
339 1956 438 2031 vobis
462 1959 648 2047 Dominus,
671 1978 806 2054 vosque
824 1968 944 2031 servet
961 1957 1177 2031 incolumes·
1197 1955 1315 2030 Domi-

54 2081 110 2135 nus
133 2080 205 2135 vos
227 2060 413 2158 splendore
440 2064 560 2139 vultus
585 2064 638 2135 sui
664 2060 828 2149 illustrem
865 2060 1034 2155 vobisque
1069 2062 1111 2133 sit
1137 2061 1314 2157 propitius.

56 2160 237 2239 convertat
271 2164 437 2241 Dominus
472 2166 596 2240 faciem
624 2185 722 2240 suam
750 2163 795 2236 ad
827 2184 912 2255 vos,
945 2174 979 2236 et
1007 2165 1119 2237 omnia
1148 2182 1316 2261 prospera

57 2267 148 2343 rodis
174 2268 352 2365 largiatur.
371 2262 400 2358 ²)

60 2627 227 2707 iuncus
249 2630 507 2709 ucctnslnlt
533 2631 885 2707 NEOBURGENSIS
912 2631 1039 2706 ANTE
1060 2628 1317 2708 SERMONEM

436 2750 498 2827 AC
524 2750 640 2827 POST
669 2749 936 2828 SERMONEM.

134 2956 276 3031 0Diou
298 2957 559 3057 Toni-puissant
582 2969 617 3032 et
636 2965 734 3034 notre
762 2959 851 3033 Pare
877 2959 1026 3049 celeste3
1047 2955 1144 3030 Nous
1167 2975 1317 3030 sommas

67 3060 113 3157 iey
135 3060 325 3137 assemblts
346 3086 435 3161 pour
457 3084 675 3137 oommenoor
696 3064 729 3136 la
753 3062 1000 3140 sanotidoation
1019 3061 1182 3164 publique
1209 3059 1253 3133 de
1275 3080 1317 3132 es

66 3217 265 3232 ——n—

136 3306 166 3383 l)
189 3306 257 3365 dan.
274 3306 372 3365 nanda
387 3312 415 3363 at
431 3304 586 3364 nourritura
603 3306 638 3364 de
657 3306 700 3363 vie
719 3304 861 3362 otarnoiie.

136 3409 168 3486 2)
189 3409 315 3469 Euolesin
329 3410 631 3481 Gallico-Reiormata,
652 3425 721 3482 quae
739 3406 848 3464 saeouio
863 3405 970 3464 deoimo
985 3405 1101 3481 septimo
1120 3412 1200 3480 atquo
1215 3411 1317 3464 ooiavo

72 3492 129 3553 duda
143 3498 278 3555 monam
293 3496 426 3566 dorstat,
446 3496 630 3568 Draphauptio
650 3501 720 3552 teste
739 3489 958 3573 (Besehroibuug
972 3492 1021 3549 des
1036 3492 1248 3563 Sani-creyses
1263 3496 1316 3547 ato.

69 3579 85 3635 1.
98 3598 122 3655 p.
134 3578 196 3655 tul)
210 3598 289 3639 saera
306 3598 354 3639 aaa
368 3583 521 3655 peragebat
534 3582 589 3639 hoo
607 3581 702 3680 modo:
726 3580 780 3636 Der
795 3576 951 3637 otiantiioira
969 3576 1154 3635 Gottosdienst
1168 3577 1246 3649 itngt
1257 3574 1317 3634 sioir

72 3663 249 3740 Mergens
262 3684 305 3725 um
318 3670 336 3725 9
352 3684 386 3724 aa
402 3668 457 3724 und
471 3667 543 3724 vird
561 3668 619 3725 also
633 3665 771 3739 genetur.
800 3666 854 3722 iter
870 3665 972 3723 Cantor
986 3664 1042 3720 und
1055 3664 1154 3721 Laetor
1172 3662 1250 3732 itagt
1270 3660 1319 3720 nit

73 3749 209 3826 Veriumg
229 3753 304 3813 eines
320 3753 440 3828 capitolo
455 3769 504 3813 aaa
518 3753 568 3811 der
583 3753 662 3811 Bibe}
684 3771 736 3825 aa,
759 3753 879 3809 welches
899 3750 1043 3824 drajsnige
1064 3748 1116 3819 iet,
1138 3763 1250 3807 morans
1267 3747 1319 3807 dor

72 3835 141 3912 ient,
158 3841 289 3898 nslohaa.
303 3840 364 3899 siah
385 3839 435 3898 der
450 3839 583 3913 Prodiger
606 3841 675 3897 naoir
691 3838 820 3897 Bolieben
843 3838 989 3909 amittet,
1012 3849 1174 3906 gsuommsn
1195 3834 1318 3895 worden.

72 3920 178 3985 tutuo
195 3924 268 3984 vird
287 3925 330 3985 eiu
352 3925 440 3983 Paaim
463 3943 623 3999 gestingen,
645 3924 773 3997 iolgeuds
793 3925 838 3982 dio
856 3922 1112 3994 Abirdndigungon‚
1133 3937 1215 3979 mann
1231 3920 1318 3980 dorsu

73 4010 230 4084 sanmuro,
252 4012 308 4069 und
323 4011 394 4069 daun
408 4011 453 4069 dia
468 4015 536 4070 reim
552 4012 641 4069 Gsbot
658 4012 794 4069 verterer.
832 4010 947 4068 Hieroni
960 4007 1043 4079 gahot
1061 4005 1110 4065 der
1127 4008 1260 4080 Prodiger
1274 4006 1323 4064 aui

73 4092 244 4171 deorumst,
265 4097 397 4156 vertisset
411 4097 456 4155 dis
475 4098 639 4171 aiigamsius
654 4096 781 4169 Beiahte,
801 4097 869 4155 itast
887 4096 965 4152 einen
980 4092 1069 4150 Psaim
1082 4093 1196 4167 singen,
1218 4093 1319 4151 dossas

75 4179 123 4239 ddi
136 4185 189 4243 ud
203 4184 276 4243 Vera
297 4200 328 4242 er
345 4184 497 4257 densarat,
519 4186 580 4243 iiiut
593 4185 713 4242 urnach
728 4183 773 4240 ein
790 4181 877 4241 Geirei
896 4198 945 4238 aur
966 4180 1028 4238 den
1045 4181 1168 4252 norm,
1190 4178 1321 4237 vertisset

75 4267 151 4327 mnan
163 4271 232 4329 iant
243 4270 299 4329 mad
313 4269 443 4347 pradigst
455 4270 581 4329 dardbor.
614 4270 690 4328 idacii
706 4269 852 4343 Endiguog
865 4268 916 4326 der
930 4266 1044 4341 Predigt
1058 4267 1134 4327 hotot
1150 4281 1182 4323 er
1197 4265 1245 4325 dns
1256 4265 1320 4325 tiis

75 4352 227 4431 uergebat,
247 4359 326 4414 nebat
341 4357 403 4413 dem
416 4357 502 4414 vater
515 4357 602 4415 Unser
616 4357 669 4413 uad
684 4355 867 4412 christlichem
883 4353 1019 4426 stanton,
1039 4354 1109 4411 ttsrt
1121 4351 1214 4424 einiga
1229 4352 1320 4415 Verte

76 4450 111 4496 nm
124 4441 208 4500 einem
223 4443 311 4501 Parim
324 4442 422 4515 singen
439 4442 493 4500 uad
507 4443 585 4515 giein
599 4443 648 4501 der
665 4440 812 4502 Gemoiodo
826 4440 878 4502 den
895 4441 1007 4515 Segora,
1029 4438 1123 4499 uomit
1143 4437 1193 4497 dor
1207 4437 1319 4499 omn·-

78 4520 149 4585 dun
161 4528 270 4588 dissuit
286 4529 438 4602 guendigut
453 4528 534 4588 wind.
707 4526 713 4537 “
1221 4554 1225 4563 ¹
