2992 4926
466 1092 939 1210 Pttobllootsslbl.

583 1383 784 1391 ...ρ-’.-

632 1577 671 1672 s.
700 1585 731 1651 1.

124 1746 308 1830 Quamquam
326 1747 406 1809 multi
425 1748 507 1811 buius
526 1751 629 1810 aetatis
648 1748 778 1828 theologi
798 1748 854 1810 buc
871 1752 957 1812 remis
974 1751 1106 1833 velisque
1119 1751 1268 1830 festinant,
1288 1760 1319 1814 ut

56 1850 117 1927 quod
142 1854 218 1914 inter
240 1850 420 1912 lutheranus
443 1861 472 1914 et
495 1853 674 1913 Reformatos
700 1862 915 1913 controversum
942 1863 1002 1931 est,
1034 1858 1062 1915 iu
1085 1854 1143 1915 leri
1167 1854 1318 1916 habeatur:

54 1952 184 2014 sincerum
216 1963 246 2015 et
272 1953 379 2014 subtile
407 1954 541 2015 iudicium
570 1959 703 2034 agnoscit
733 1964 819 2036 atque
849 1966 989 2035 agnoscet
1023 1976 1152 2037 magnam
1185 1956 1317 2018 differen-

52 2056 105 2114 tiam
132 2066 162 2117 et
193 2055 466 2136 dissimilitudinem,
496 2076 616 2136 eamque
643 2059 794 2134 maiorem,
825 2077 909 2137 quam
937 2068 967 2118 ut
995 2057 1132 2119 occultari
1163 2058 1209 2119 vel
1237 2061 1317 2138 inge·

50 2157 131 2217 uiosis
145 2157 296 2220 doctarum
313 2157 532 2237 disputationum
551 2160 677 2220 artificiis
694 2159 799 2220 obduci
821 2162 913 2239 possit
934 2161 1071 2221 tenebris.
1104 2160 1142 2222 dt
1161 2179 1231 2222 vero
1255 2180 1317 2221 cum

47 2275 99 2319 nou
119 2263 210 2321 nostri
234 2261 273 2320 sit
297 2262 419 2321 muneris
449 2260 660 2338 demonstrare,
691 2281 774 2342 quam
799 2260 912 2324 diversa
933 2265 1071 2341 sentiant,
1098 2282 1169 2344 quas
1194 2281 1317 2325 comme·

47 2379 184 2423 morsurus
213 2362 361 2424 ecclesiae
390 2366 417 2424 in
445 2363 588 2440 doctrina,
617 2382 712 2443 neque
741 2363 775 2424 ad
804 2383 857 2424 nos
884 2366 1024 2444 pertineat
1049 2366 1154 2427 invicta
1178 2366 1317 2429 sententia

46 2473 189 2546 utramque
214 2465 290 2527 baud
312 2466 497 2527 mediocritei
522 2465 662 2526 dissidere
683 2466 711 2525 iu
736 2465 926 2527 ecclesiastici
950 2469 1096 2546 regiminis
1120 2470 1246 2547 ratione,
1272 2487 1317 2529 re·

45 2563 146 2647 liquam
174 2578 220 2628 est
244 2579 274 2628 ut
296 2568 422 2630 dicamus
444 2569 480 2629 de
505 2568 581 2629 cultu
607 2567 702 2628 divino
725 2586 759 2629 ac
784 2569 894 2629 ritibus.
929 2568 1039 2642 Quodsi
1056 2571 1084 2629 iu
1102 2568 1165 2630 aliis
1187 2571 1317 2651 conspici

46 2678 137 2749 potest
160 2670 413 2751 Vrtcbergensium
435 2691 499 2733 cum
521 2670 651 2732 Helvetia
674 2688 787 2749 pugna,
812 2672 840 2730 iu
866 2670 922 2731 boc
950 2673 1044 2749 capite
1071 2670 1173 2730 oculos
1200 2672 1228 2732 iu
1253 2673 1317 2733 acio

47 2775 224 2852 perstringit,
253 2774 291 2833 ita
315 2776 397 2834 utin
422 2775 492 2834 ritus
518 2775 697 2853 potissimum
722 2780 752 2832 et
781 2774 974 2832 caeremonias
1003 2771 1085 2832 cadat
1110 2771 1316 2852 blarburgeusc

47 2873 109 2935 illud
131 2874 248 2935 Lutheri
274 2875 425 2937 iudicium:
451 2875 508 2938 liar
526 2877 600 2937 ocor
621 2878 709 2938 cioca
731 2876 853 2937 andern
871 2876 954 2935 Gcisl
975 2877 1023 2936 olo·
1044 2877 1109 2939 wir.

123 2978 202 3040 Ante
223 2981 316 3040 omnia
339 2978 485 3040 videamus
508 2997 632 3040 necesse
655 2986 715 3055 est,
739 2976 807 3057 quid
828 2976 919 3054 bene,
939 2976 1007 3056 quid
1023 2976 1097 3038 male
1117 2980 1259 3039 senserint
1274 2978 1315 3039 di·

45 3097 188 3140 versurum
206 3079 394 3141 ecclesiarum
413 3090 508 3160 patres
525 3091 611 3160 atque
627 3090 761 3142 auctores
783 3078 820 3139 de
840 3080 1020 3140 caerimoniis
1037 3078 1183 3141 Romanis.
1211 3080 1315 3161 Neque

29 3182 94 3243 ,snb
113 3192 266 3262 aspectum
289 3181 393 3243 cadere
417 3183 528 3244 ridetur
554 3182 709 3246 dissidium.
752 3180 824 3243 llam
854 3180 993 3243 botherus
1020 3181 1216 3261 Papicolarum
1243 3186 1315 3244 ritus

45 3283 168 3345 inmanis
184 3283 290 3345 fabulis
308 3303 342 3346 ae
360 3284 558 3346 traditionibus
579 3295 749 3364 corruptos,
772 3301 860 3346 vanos
880 3285 958 3345 ducit
974 3294 1060 3365 atque
1078 3286 1208 3365 ineptos,
1228 3266 1313 3348 immo

45 3386 76 3446 ab
95 3389 163 3468 ipso
181 3388 285 3449 Satara
307 3389 449 3449 inventos.
483 3386 590 3448 Similia
617 3386 730 3465 placent
755 3387 934 3449 Reformatis.
963 3383 1063 3448 Onmia
1089 3406 1163 3468 quae
1187 3389 1313 3453 limuaua

46 3489 165 3551 ccclesia
188 3492 217 3549 in
240 3489 373 3551 coetibus
394 3491 484 3550 sacris
506 3491 633 3568 peragit,
660 3489 847 3551 idololatriam
869 3490 981 3568 sapiunt
999 3490 1179 3552 Antichristi:
1209 3492 1313 3553 statio

46 3589 107 3651 loco
129 3600 233 3652 sancto
255 3591 426 3652 abominatio
446 3589 650 3669 desolationis,
678 3595 769 3655 omnis
791 3592 1002 3654 Pontificiorum
1024 3592 1129 3671 religio
1151 3593 1228 3654 cultu
1251 3592 1312 3655 llo·

46 3689 115 3754 locbi
140 3711 176 3754 ac
204 3691 299 3752 Baulis
322 3695 481 3753 continetur
500 3692 579 3754 molli
605 3701 634 3752 et
656 3693 794 3756 delicato:
819 3712 918 3754 verum
939 3693 994 3755 Dei
1014 3693 1118 3754 cultum
1138 3695 1245 3755 cohors
1266 3712 1311 3757 sa·

47 3795 241 3872 cnliculorum,
264 3797 422 3874 paganismi
443 3795 588 3857 erroribus
603 3797 803 3859 miserabiliter
824 3805 923 3876 capta,
954 3796 1084 3875 profanat
1108 3805 1193 3876 atque
1217 3797 1310 3860 detur·

48 3906 96 3976 pat.
139 3895 238 3978 Ipsam
259 3895 376 3959 blissam
402 3895 493 3977 (quae
517 3898 589 3977 ipsis
612 3901 717 3979 puppis
740 3908 770 3960 et
791 3916 876 3978 prora
898 3907 944 3960 est
967 3896 1096 3978 ludibrii)
1117 3896 1220 3961 Daniel
1245 3918 1311 3981 pro·

50 3998 123 4079 pieta
148 3998 220 4062 idoli
245 3996 369 4063 llaozim
392 4000 508 4063 nomine
535 4000 721 4081 significatam
746 4001 906 4082 praesensit
931 4009 960 4063 et
990 3998 1160 4081 perhorruit.
1178 4003 1207 4088 ¹)
1252 3994 1311 4067 Sed

58 4136 251 4149 ψ

83 4215 109 4289 1)
130 4216 193 4272 Bu:
216 4242 259 4254 -
280 4213 362 4287 „lter
377 4210 459 4284 l’apst
478 4214 525 4270 bat
544 4213 656 4271 solebas
675 4230 725 4271 nur
740 4213 851 4271 darumb
873 4215 990 4287 gethan,
1013 4211 1097 4271 damit
1118 4215 1163 4272 die
1184 4214 1309 4273 deheim·

56 4310 137 4357 mu
169 4299 225 4357 und
247 4300 343 4355 recbte
365 4297 432 4354 Nutu
462 4300 510 4356 des
529 4300 703 4360 Sacraments
728 4318 776 4359 aus
797 4301 850 4358 deu
869 4302 968 4370 Augen
995 4306 1122 4372 gssetnt,
1150 4300 1210 4357 llud
1231 4302 1309 4359 acius

57 4384 159 4444 tdicbte
180 4386 317 4444 lrrtburrb
339 4383 394 4440 uud
413 4374 578 4457 Abgtitterei
603 4387 746 4458 gesterclst
772 4387 825 4443 und
850 4386 901 4441 der
923 4403 991 4442 neue
1011 4387 1120 4457 Abgott
1147 4387 1214 4443 oder
1236 4389 1308 4444 bau·

59 4465 148 4531 him
165 4471 238 4550 (von
255 4470 386 4529 walchem
401 4470 495 4529 Daniel
514 4488 599 4529 auvor
614 4470 799 4546 geweisragt)
820 4471 847 4528 iu
873 4471 923 4529 der
941 4471 1058 4529 llircbeu
1082 4471 1178 4529 Guttae
1200 4473 1308 4530 mbobts

60 4558 185 4627 nabaiot
207 4557 357 4616 werden.“
400 4553 435 4614 Et
455 4557 495 4615 sic
515 4557 634 4629 saepius.

1041 4639 1058 4707 1
1083 4647 1100 4687 t
