<?xml version="1.0" encoding="UTF-8"?>
<!DOCTYPE html PUBLIC "-//W3C//DTD XHTML 1.0 Transitional//EN"
    "http://www.w3.org/TR/xhtml1/DTD/xhtml1-transitional.dtd">
<html xmlns="http://www.w3.org/1999/xhtml" xml:lang="en" lang="en">
 <head>
  <title>
</title>
<meta http-equiv="Content-Type" content="text/html;charset=utf-8" />
  <meta name='ocr-system' content='tesseract 3.04.00' />
  <meta name='ocr-capabilities' content='ocr_page ocr_carea ocr_par ocr_line ocrx_word'/>
</head>
<body>
  <div class='ocr_page' id='page_1' title='image "./codexliturgicus01danigoog_0641.png"; bbox 0 0 2992 4926; ppageno 0'>
   <div class='ocr_carea' id='block_1_1' title="bbox 720 243 874 313">
    <p class='ocr_par' dir='ltr' id='par_1_1' title="bbox 720 243 874 313">
     <span class='ocr_line' id='line_1_1' title="bbox 720 243 874 313; baseline 0.013 -2"><span class='ocrx_word' id='word_1_1' title='bbox 720 243 796 313; x_wconf 76' lang='lat' dir='ltr'>alt</span> <span class='ocrx_word' id='word_1_2' title='bbox 871 295 874 300; x_wconf 34' lang='lat' dir='ltr'><strong>f</strong></span> 
     </span>
    </p>
   </div>
   <div class='ocr_carea' id='block_1_2' title="bbox 114 440 1483 4562">
    <p class='ocr_par' dir='ltr' id='par_1_2' title="bbox 114 440 1391 1056">
     <span class='ocr_line' id='line_1_2' title="bbox 114 440 1388 539; baseline 0.001 -20"><span class='ocrx_word' id='word_1_3' title='bbox 114 443 307 519; x_wconf 86' lang='lat' dir='ltr'>orientibus</span> <span class='ocrx_word' id='word_1_4' title='bbox 336 453 371 515; x_wconf 89' lang='lat' dir='ltr'>et</span> <span class='ocrx_word' id='word_1_5' title='bbox 398 440 700 539; x_wconf 74' lang='lat' dir='ltr'>provenientibus,</span> <span class='ocrx_word' id='word_1_6' title='bbox 727 451 762 514; x_wconf 92' lang='lat' dir='ltr'>et</span> <span class='ocrx_word' id='word_1_7' title='bbox 783 441 825 512; x_wconf 88' lang='lat' dir='ltr'>ad</span> <span class='ocrx_word' id='word_1_8' title='bbox 854 442 976 514; x_wconf 91' lang='lat' dir='ltr'>dictam</span> <span class='ocrx_word' id='word_1_9' title='bbox 999 442 1192 516; x_wconf 75' lang='lat' dir='ltr'><strong>Ecclesiam</strong></span> <span class='ocrx_word' id='word_1_10' title='bbox 1213 445 1388 527; x_wconf 84' lang='lat' dir='ltr'>Matricem</span> 
     </span>
     <span class='ocr_line' id='line_1_3' title="bbox 114 542 1390 634; baseline 0.002 -12"><span class='ocrx_word' id='word_1_11' title='bbox 114 559 256 623; x_wconf 83' lang='lat' dir='ltr'>sanctae</span> <span class='ocrx_word' id='word_1_12' title='bbox 279 544 431 634; x_wconf 84' lang='lat' dir='ltr'>blariae,</span> <span class='ocrx_word' id='word_1_13' title='bbox 458 544 621 633; x_wconf 87' lang='lat' dir='ltr'>Rectori,</span> <span class='ocrx_word' id='word_1_14' title='bbox 648 542 852 619; x_wconf 83' lang='lat' dir='ltr'>Guardianis</span> <span class='ocrx_word' id='word_1_15' title='bbox 874 545 932 619; x_wconf 89' lang='lat' dir='ltr'>vel</span> <span class='ocrx_word' id='word_1_16' title='bbox 955 546 1030 617; x_wconf 90' lang='lat' dir='ltr'>aliis</span> <span class='ocrx_word' id='word_1_17' title='bbox 1051 544 1215 623; x_wconf 86' lang='lat' dir='ltr'>Ministris</span> <span class='ocrx_word' id='word_1_18' title='bbox 1238 551 1390 625; x_wconf 89' lang='lat' dir='ltr'>eiusdem</span> 
     </span>
     <span class='ocr_line' id='line_1_4' title="bbox 114 647 1391 751; baseline 0.002 -27"><span class='ocrx_word' id='word_1_19' title='bbox 114 649 156 725; x_wconf 88' lang='lat' dir='ltr'>da</span> <span class='ocrx_word' id='word_1_20' title='bbox 183 653 264 722; x_wconf 92' lang='lat' dir='ltr'>iure</span> <span class='ocrx_word' id='word_1_21' title='bbox 289 648 350 722; x_wconf 91' lang='lat' dir='ltr'>vel</span> <span class='ocrx_word' id='word_1_22' title='bbox 377 647 629 720; x_wconf 90' lang='lat' dir='ltr'>consvetudine</span> <span class='ocrx_word' id='word_1_23' title='bbox 654 669 792 742; x_wconf 90' lang='lat' dir='ltr'>quoquo</span> <span class='ocrx_word' id='word_1_24' title='bbox 821 648 924 720; x_wconf 95' lang='lat' dir='ltr'>modo</span> <span class='ocrx_word' id='word_1_25' title='bbox 951 649 1200 744; x_wconf 71' lang='lat' dir='ltr'><strong>spectantibus,</strong></span> <span class='ocrx_word' id='word_1_26' title='bbox 1229 653 1289 725; x_wconf 91' lang='lat' dir='ltr'>vel</span> <span class='ocrx_word' id='word_1_27' title='bbox 1313 676 1391 751; x_wconf 90' lang='lat' dir='ltr'>per·</span> 
     </span>
     <span class='ocr_line' id='line_1_5' title="bbox 114 750 1391 848; baseline 0.002 -21"><span class='ocrx_word' id='word_1_28' title='bbox 114 752 321 844; x_wconf 72' lang='lat' dir='ltr'>tuentibus,</span> <span class='ocrx_word' id='word_1_29' title='bbox 348 755 384 823; x_wconf 93' lang='lat' dir='ltr'>iu</span> <span class='ocrx_word' id='word_1_30' title='bbox 414 762 483 824; x_wconf 91' lang='lat' dir='ltr'>tam</span> <span class='ocrx_word' id='word_1_31' title='bbox 509 750 631 846; x_wconf 88' lang='lat' dir='ltr'>amplis</span> <span class='ocrx_word' id='word_1_32' title='bbox 660 750 764 823; x_wconf 94' lang='lat' dir='ltr'>modo</span> <span class='ocrx_word' id='word_1_33' title='bbox 793 761 827 822; x_wconf 88' lang='lat' dir='ltr'>et</span> <span class='ocrx_word' id='word_1_34' title='bbox 854 750 985 839; x_wconf 89' lang='lat' dir='ltr'>iorma,</span> <span class='ocrx_word' id='word_1_35' title='bbox 1011 763 1112 848; x_wconf 88' lang='lat' dir='ltr'>prout</span> <span class='ocrx_word' id='word_1_36' title='bbox 1136 753 1266 828; x_wconf 92' lang='lat' dir='ltr'>eisdem</span> <span class='ocrx_word' id='word_1_37' title='bbox 1288 756 1391 829; x_wconf 88' lang='lat' dir='ltr'>debe·</span> 
     </span>
     <span class='ocr_line' id='line_1_6' title="bbox 114 852 1390 951; baseline 0.003 -24"><span class='ocrx_word' id='word_1_38' title='bbox 114 854 257 945; x_wconf 87' lang='lat' dir='ltr'>bantur,</span> <span class='ocrx_word' id='word_1_39' title='bbox 285 866 345 929; x_wconf 90' lang='lat' dir='ltr'>aut</span> <span class='ocrx_word' id='word_1_40' title='bbox 375 854 469 951; x_wconf 88' lang='lat' dir='ltr'>solvi</span> <span class='ocrx_word' id='word_1_41' title='bbox 493 853 670 943; x_wconf 88' lang='lat' dir='ltr'>solebant,</span> <span class='ocrx_word' id='word_1_42' title='bbox 697 864 776 925; x_wconf 92' lang='lat' dir='ltr'>aute</span> <span class='ocrx_word' id='word_1_43' title='bbox 803 852 890 926; x_wconf 89' lang='lat' dir='ltr'>hanc</span> <span class='ocrx_word' id='word_1_44' title='bbox 915 864 1067 930; x_wconf 89' lang='lat' dir='ltr'>nostram</span> <span class='ocrx_word' id='word_1_45' title='bbox 1096 861 1390 933; x_wconf 89' lang='lat' dir='ltr'>consecrationem</span> 
     </span>
     <span class='ocr_line' id='line_1_7' title="bbox 114 956 637 1056; baseline -0.004 -25"><span class='ocrx_word' id='word_1_46' title='bbox 114 956 214 1034; x_wconf 88' lang='lat' dir='ltr'>buius</span> <span class='ocrx_word' id='word_1_47' title='bbox 237 956 404 1056; x_wconf 77' lang='lat' dir='ltr'>Capellae</span> <span class='ocrx_word' id='word_1_48' title='bbox 429 956 637 1054; x_wconf 75' lang='lat' dir='ltr'>praedictae.</span> 
     </span>
    </p>

    <p class='ocr_par' dir='ltr' id='par_1_3' title="bbox 114 1056 1483 3322">
     <span class='ocr_line' id='line_1_8' title="bbox 215 1056 1391 1155; baseline 0.003 -20"><span class='ocrx_word' id='word_1_49' title='bbox 215 1062 388 1150; x_wconf 76' lang='lat' dir='ltr'><strong>Proviso,</strong></span> <span class='ocrx_word' id='word_1_50' title='bbox 423 1059 516 1155; x_wconf 95' lang='lat' dir='ltr'>quod</span> <span class='ocrx_word' id='word_1_51' title='bbox 542 1057 738 1155; x_wconf 87' lang='lat' dir='ltr'>praedictus</span> <span class='ocrx_word' id='word_1_52' title='bbox 763 1066 924 1132; x_wconf 89' lang='lat' dir='ltr'>strenuus</span> <span class='ocrx_word' id='word_1_53' title='bbox 953 1059 1008 1130; x_wconf 90' lang='lat' dir='ltr'>vir</span> <span class='ocrx_word' id='word_1_54' title='bbox 1034 1056 1171 1131; x_wconf 84' lang='lat' dir='ltr'>Richar.</span> <span class='ocrx_word' id='word_1_55' title='bbox 1195 1059 1323 1152; x_wconf 90' lang='lat' dir='ltr'>Smith,</span> <span class='ocrx_word' id='word_1_56' title='bbox 1349 1087 1391 1139; x_wconf 87' lang='lat' dir='ltr'>ac</span> 
     </span>
     <span class='ocr_line' id='line_1_9' title="bbox 114 1160 1389 1255; baseline 0.002 -19"><span class='ocrx_word' id='word_1_57' title='bbox 114 1167 188 1240; x_wconf 88' lang='lat' dir='ltr'>eius</span> <span class='ocrx_word' id='word_1_58' title='bbox 209 1164 392 1238; x_wconf 82' lang='lat' dir='ltr'>Haeredes</span> <span class='ocrx_word' id='word_1_59' title='bbox 416 1174 450 1237; x_wconf 88' lang='lat' dir='ltr'>et</span> <span class='ocrx_word' id='word_1_60' title='bbox 472 1163 669 1254; x_wconf 71' lang='lat' dir='ltr'>assignati,</span> <span class='ocrx_word' id='word_1_61' title='bbox 694 1161 823 1255; x_wconf 90' lang='lat' dir='ltr'>aliique</span> <span class='ocrx_word' id='word_1_62' title='bbox 849 1165 884 1233; x_wconf 94' lang='lat' dir='ltr'>in</span> <span class='ocrx_word' id='word_1_63' title='bbox 911 1160 999 1233; x_wconf 90' lang='lat' dir='ltr'>dicta</span> <span class='ocrx_word' id='word_1_64' title='bbox 1019 1160 1112 1234; x_wconf 81' lang='lat' dir='ltr'>Villa</span> <span class='ocrx_word' id='word_1_65' title='bbox 1142 1174 1176 1234; x_wconf 89' lang='lat' dir='ltr'>et</span> <span class='ocrx_word' id='word_1_66' title='bbox 1198 1163 1389 1253; x_wconf 90' lang='lat' dir='ltr'>Hamlettis,</span> 
     </span>
     <span class='ocr_line' id='line_1_10' title="bbox 114 1262 1389 1364; baseline -0.003 -21"><span class='ocrx_word' id='word_1_67' title='bbox 114 1278 174 1343; x_wconf 83' lang='lat' dir='ltr'>alc.</span> <span class='ocrx_word' id='word_1_68' title='bbox 201 1267 416 1362; x_wconf 76' lang='lat' dir='ltr'>habitantes,</span> <span class='ocrx_word' id='word_1_69' title='bbox 436 1286 508 1338; x_wconf 94' lang='lat' dir='ltr'>non</span> <span class='ocrx_word' id='word_1_70' title='bbox 530 1265 642 1338; x_wconf 89' lang='lat' dir='ltr'>solum</span> <span class='ocrx_word' id='word_1_71' title='bbox 664 1264 786 1336; x_wconf 88' lang='lat' dir='ltr'>dictam</span> <span class='ocrx_word' id='word_1_72' title='bbox 811 1262 987 1361; x_wconf 85' lang='lat' dir='ltr'>Capellam</span> <span class='ocrx_word' id='word_1_73' title='bbox 1009 1267 1144 1360; x_wconf 90' lang='lat' dir='ltr'>quoties</span> <span class='ocrx_word' id='word_1_74' title='bbox 1166 1289 1252 1364; x_wconf 92' lang='lat' dir='ltr'>opns</span> <span class='ocrx_word' id='word_1_75' title='bbox 1274 1267 1389 1361; x_wconf 87' lang='lat' dir='ltr'>fuerit,</span> 
     </span>
     <span class='ocr_line' id='line_1_11' title="bbox 114 1366 1390 1469; baseline 0.002 -27"><span class='ocrx_word' id='word_1_76' title='bbox 114 1372 278 1469; x_wconf 87' lang='lat' dir='ltr'>impensis</span> <span class='ocrx_word' id='word_1_77' title='bbox 310 1373 383 1447; x_wconf 88' lang='lat' dir='ltr'>suis</span> <span class='ocrx_word' id='word_1_78' title='bbox 409 1370 559 1465; x_wconf 89' lang='lat' dir='ltr'>propriis</span> <span class='ocrx_word' id='word_1_79' title='bbox 590 1366 735 1440; x_wconf 89' lang='lat' dir='ltr'>relicere</span> <span class='ocrx_word' id='word_1_80' title='bbox 761 1378 797 1440; x_wconf 90' lang='lat' dir='ltr'>et</span> <span class='ocrx_word' id='word_1_81' title='bbox 826 1390 1011 1464; x_wconf 89' lang='lat' dir='ltr'>reparare,</span> <span class='ocrx_word' id='word_1_82' title='bbox 1044 1367 1106 1441; x_wconf 90' lang='lat' dir='ltr'>sed</span> <span class='ocrx_word' id='word_1_83' title='bbox 1133 1373 1234 1442; x_wconf 88' lang='lat' dir='ltr'>etiam</span> <span class='ocrx_word' id='word_1_84' title='bbox 1266 1370 1309 1442; x_wconf 91' lang='lat' dir='ltr'>ad</span> <span class='ocrx_word' id='word_1_85' title='bbox 1335 1393 1390 1444; x_wconf 89' lang='lat' dir='ltr'>re·</span> 
     </span>
     <span class='ocr_line' id='line_1_12' title="bbox 114 1469 1389 1570; baseline 0 -24"><span class='ocrx_word' id='word_1_86' title='bbox 114 1477 302 1569; x_wconf 86' lang='lat' dir='ltr'>parationis</span> <span class='ocrx_word' id='word_1_87' title='bbox 334 1472 533 1570; x_wconf 76' lang='lat' dir='ltr'>praedictae</span> <span class='ocrx_word' id='word_1_88' title='bbox 563 1469 715 1544; x_wconf 83' lang='lat' dir='ltr'>Matricis</span> <span class='ocrx_word' id='word_1_89' title='bbox 747 1469 928 1545; x_wconf 84' lang='lat' dir='ltr'>Ecclesiae</span> <span class='ocrx_word' id='word_1_90' title='bbox 963 1481 1103 1546; x_wconf 86' lang='lat' dir='ltr'>sanctae</span> <span class='ocrx_word' id='word_1_91' title='bbox 1133 1471 1262 1546; x_wconf 84' lang='lat' dir='ltr'>Mariae</span> <span class='ocrx_word' id='word_1_92' title='bbox 1294 1477 1389 1546; x_wconf 85' lang='lat' dir='ltr'>iuxta</span> 
     </span>
     <span class='ocr_line' id='line_1_13' title="bbox 114 1572 1389 1672; baseline -0.001 -21"><span class='ocrx_word' id='word_1_93' title='bbox 114 1578 230 1651; x_wconf 84' lang='lat' dir='ltr'>villam</span> <span class='ocrx_word' id='word_1_94' title='bbox 257 1575 527 1672; x_wconf 89' lang='lat' dir='ltr'>Soutbampton,</span> <span class='ocrx_word' id='word_1_95' title='bbox 562 1585 595 1646; x_wconf 91' lang='lat' dir='ltr'>et</span> <span class='ocrx_word' id='word_1_96' title='bbox 625 1572 831 1647; x_wconf 76' lang='lat' dir='ltr'>Ooameterii</span> <span class='ocrx_word' id='word_1_97' title='bbox 864 1574 1018 1647; x_wconf 87' lang='lat' dir='ltr'>eiusdem</span> <span class='ocrx_word' id='word_1_98' title='bbox 1044 1573 1245 1667; x_wconf 80' lang='lat' dir='ltr'>Ecclesiae,</span> <span class='ocrx_word' id='word_1_99' title='bbox 1277 1578 1389 1650; x_wconf 92' lang='lat' dir='ltr'>acad</span> 
     </span>
     <span class='ocr_line' id='line_1_14' title="bbox 114 1676 1390 1772; baseline 0.001 -19"><span class='ocrx_word' id='word_1_100' title='bbox 114 1685 227 1755; x_wconf 73' lang='lat' dir='ltr'>amnia</span> <span class='ocrx_word' id='word_1_101' title='bbox 254 1681 322 1753; x_wconf 91' lang='lat' dir='ltr'>alia</span> <span class='ocrx_word' id='word_1_102' title='bbox 351 1700 477 1768; x_wconf 90' lang='lat' dir='ltr'>onera,</span> <span class='ocrx_word' id='word_1_103' title='bbox 511 1676 669 1772; x_wconf 89' lang='lat' dir='ltr'>adquae</span> <span class='ocrx_word' id='word_1_104' title='bbox 702 1681 833 1751; x_wconf 91' lang='lat' dir='ltr'>coeteri</span> <span class='ocrx_word' id='word_1_105' title='bbox 863 1677 1065 1752; x_wconf 88' lang='lat' dir='ltr'>Parochiani</span> <span class='ocrx_word' id='word_1_106' title='bbox 1098 1680 1208 1753; x_wconf 90' lang='lat' dir='ltr'>dictae</span> <span class='ocrx_word' id='word_1_107' title='bbox 1238 1678 1390 1754; x_wconf 84' lang='lat' dir='ltr'>Matricis</span> 
     </span>
     <span class='ocr_line' id='line_1_15' title="bbox 114 1781 1483 1875; baseline 0 -18"><span class='ocrx_word' id='word_1_108' title='bbox 114 1784 298 1857; x_wconf 77' lang='lat' dir='ltr'>lcclesiae</span> <span class='ocrx_word' id='word_1_109' title='bbox 323 1791 514 1855; x_wconf 89' lang='lat' dir='ltr'>teneantur.</span> <span class='ocrx_word' id='word_1_110' title='bbox 568 1781 715 1854; x_wconf 85' lang='lat' dir='ltr'>Proviso</span> <span class='ocrx_word' id='word_1_111' title='bbox 743 1787 865 1867; x_wconf 89' lang='lat' dir='ltr'>etiam,</span> <span class='ocrx_word' id='word_1_112' title='bbox 891 1781 984 1875; x_wconf 91' lang='lat' dir='ltr'>quod</span> <span class='ocrx_word' id='word_1_113' title='bbox 1009 1792 1075 1853; x_wconf 89' lang='lat' dir='ltr'>tam</span> <span class='ocrx_word' id='word_1_114' title='bbox 1100 1781 1210 1857; x_wconf 89' lang='lat' dir='ltr'>dictus</span> <span class='ocrx_word' id='word_1_115' title='bbox 1230 1795 1390 1857; x_wconf 88' lang='lat' dir='ltr'>strenuus</span> <span class='ocrx_word' id='word_1_116' title='bbox 1481 1782 1483 1786; x_wconf 45' lang='lat'><strong><em>⁴</em></strong></span> 
     </span>
     <span class='ocr_line' id='line_1_16' title="bbox 114 1883 1389 1980; baseline -0.001 -20"><span class='ocrx_word' id='word_1_117' title='bbox 114 1891 160 1960; x_wconf 77' lang='lat' dir='ltr'>ir</span> <span class='ocrx_word' id='word_1_118' title='bbox 182 1886 285 1959; x_wconf 83' lang='lat' dir='ltr'>Rich.</span> <span class='ocrx_word' id='word_1_119' title='bbox 301 1883 428 1974; x_wconf 89' lang='lat' dir='ltr'>Smith,</span> <span class='ocrx_word' id='word_1_120' title='bbox 450 1883 618 1956; x_wconf 89' lang='lat' dir='ltr'>haeredes</span> <span class='ocrx_word' id='word_1_121' title='bbox 637 1894 672 1957; x_wconf 89' lang='lat' dir='ltr'>et</span> <span class='ocrx_word' id='word_1_122' title='bbox 687 1885 865 1976; x_wconf 84' lang='lat' dir='ltr'>Assiguati</span> <span class='ocrx_word' id='word_1_123' title='bbox 885 1887 979 1972; x_wconf 90' lang='lat' dir='ltr'>eius,</span> <span class='ocrx_word' id='word_1_124' title='bbox 1005 1906 1105 1979; x_wconf 93' lang='lat' dir='ltr'>quam</span> <span class='ocrx_word' id='word_1_125' title='bbox 1124 1887 1249 1980; x_wconf 87' lang='lat' dir='ltr'>reliqui</span> <span class='ocrx_word' id='word_1_126' title='bbox 1270 1906 1389 1960; x_wconf 86' lang='lat' dir='ltr'>omues</span> 
     </span>
     <span class='ocr_line' id='line_1_17' title="bbox 114 1984 1389 2079; baseline -0.002 -16"><span class='ocrx_word' id='word_1_127' title='bbox 114 2013 138 2064; x_wconf 92' lang='lat' dir='ltr'>n</span> <span class='ocrx_word' id='word_1_128' title='bbox 174 1989 281 2062; x_wconf 89' lang='lat' dir='ltr'>dictis</span> <span class='ocrx_word' id='word_1_129' title='bbox 311 1987 413 2060; x_wconf 87' lang='lat' dir='ltr'>Villis</span> <span class='ocrx_word' id='word_1_130' title='bbox 448 1997 483 2058; x_wconf 89' lang='lat' dir='ltr'>et</span> <span class='ocrx_word' id='word_1_131' title='bbox 515 1985 712 2075; x_wconf 87' lang='lat' dir='ltr'>Humleltis,</span> <span class='ocrx_word' id='word_1_132' title='bbox 740 1997 804 2058; x_wconf 89' lang='lat' dir='ltr'>etc.</span> <span class='ocrx_word' id='word_1_133' title='bbox 839 1984 1046 2075; x_wconf 74' lang='lat' dir='ltr'>habitantes,</span> <span class='ocrx_word' id='word_1_134' title='bbox 1080 1989 1278 2079; x_wconf 84' lang='lat' dir='ltr'>insignum</span> <span class='ocrx_word' id='word_1_135' title='bbox 1309 1987 1389 2060; x_wconf 92' lang='lat' dir='ltr'>sub-</span> 
     </span>
     <span class='ocr_line' id='line_1_18' title="bbox 114 2087 1388 2187; baseline -0.002 -20"><span class='ocrx_word' id='word_1_136' title='bbox 114 2095 272 2167; x_wconf 88' lang='lat' dir='ltr'>ectionis</span> <span class='ocrx_word' id='word_1_137' title='bbox 301 2089 466 2187; x_wconf 86' lang='lat' dir='ltr'>Capellae</span> <span class='ocrx_word' id='word_1_138' title='bbox 500 2089 600 2164; x_wconf 89' lang='lat' dir='ltr'>huius</span> <span class='ocrx_word' id='word_1_139' title='bbox 633 2089 696 2164; x_wconf 88' lang='lat' dir='ltr'>sub</span> <span class='ocrx_word' id='word_1_140' title='bbox 731 2087 891 2161; x_wconf 87' lang='lat' dir='ltr'>Ecclesia</span> <span class='ocrx_word' id='word_1_141' title='bbox 923 2087 1067 2162; x_wconf 82' lang='lat' dir='ltr'>Matrica</span> <span class='ocrx_word' id='word_1_142' title='bbox 1100 2088 1228 2161; x_wconf 88' lang='lat' dir='ltr'>Beatae</span> <span class='ocrx_word' id='word_1_143' title='bbox 1257 2089 1388 2163; x_wconf 85' lang='lat' dir='ltr'>Mariae</span> 
     </span>
     <span class='ocr_line' id='line_1_19' title="bbox 114 2191 1388 2289; baseline -0.002 -19"><span class='ocrx_word' id='word_1_144' title='bbox 114 2207 207 2270; x_wconf 83' lang='lat' dir='ltr'>uxta</span> <span class='ocrx_word' id='word_1_145' title='bbox 221 2193 454 2289; x_wconf 88' lang='lat' dir='ltr'>Soutbampt.,</span> <span class='ocrx_word' id='word_1_146' title='bbox 478 2215 519 2264; x_wconf 90' lang='lat' dir='ltr'>ao</span> <span class='ocrx_word' id='word_1_147' title='bbox 542 2193 750 2267; x_wconf 86' lang='lat' dir='ltr'>senioritatis</span> <span class='ocrx_word' id='word_1_148' title='bbox 770 2193 923 2275; x_wconf 85' lang='lat' dir='ltr'>eiusdem</span> <span class='ocrx_word' id='word_1_149' title='bbox 936 2191 1117 2265; x_wconf 87' lang='lat' dir='ltr'>Ecclesiae</span> <span class='ocrx_word' id='word_1_150' title='bbox 1139 2194 1388 2288; x_wconf 86' lang='lat' dir='ltr'>supradictam</span> 
     </span>
     <span class='ocr_line' id='line_1_20' title="bbox 114 2294 1388 2396; baseline -0.005 -23"><span class='ocrx_word' id='word_1_151' title='bbox 114 2298 307 2396; x_wconf 65' lang='lat' dir='ltr'>{opellam</span> <span class='ocrx_word' id='word_1_152' title='bbox 334 2296 480 2389; x_wconf 81' lang='lat' dir='ltr'>singulis</span> <span class='ocrx_word' id='word_1_153' title='bbox 506 2299 603 2368; x_wconf 89' lang='lat' dir='ltr'>annis</span> <span class='ocrx_word' id='word_1_154' title='bbox 632 2295 674 2367; x_wconf 91' lang='lat' dir='ltr'>de</span> <span class='ocrx_word' id='word_1_155' title='bbox 697 2306 852 2392; x_wconf 88' lang='lat' dir='ltr'>tempore</span> <span class='ocrx_word' id='word_1_156' title='bbox 874 2295 915 2368; x_wconf 91' lang='lat' dir='ltr'>ad</span> <span class='ocrx_word' id='word_1_157' title='bbox 943 2306 1076 2390; x_wconf 87' lang='lat' dir='ltr'>tempus</span> <span class='ocrx_word' id='word_1_158' title='bbox 1098 2295 1140 2368; x_wconf 86' lang='lat' dir='ltr'>ad</span> <span class='ocrx_word' id='word_1_159' title='bbox 1162 2294 1302 2370; x_wconf 85' lang='lat' dir='ltr'>Festum</span> <span class='ocrx_word' id='word_1_160' title='bbox 1325 2296 1388 2368; x_wconf 90' lang='lat' dir='ltr'>Pa-</span> 
     </span>
     <span class='ocr_line' id='line_1_21' title="bbox 114 2396 1389 2487; baseline -0.005 -10"><span class='ocrx_word' id='word_1_161' title='bbox 114 2402 240 2477; x_wconf 75' lang='lat' dir='ltr'>charis</span> <span class='ocrx_word' id='word_1_162' title='bbox 258 2400 320 2473; x_wconf 91' lang='lat' dir='ltr'>vel</span> <span class='ocrx_word' id='word_1_163' title='bbox 348 2399 391 2472; x_wconf 93' lang='lat' dir='ltr'>ad</span> <span class='ocrx_word' id='word_1_164' title='bbox 411 2397 551 2472; x_wconf 87' lang='lat' dir='ltr'>Festum</span> <span class='ocrx_word' id='word_1_165' title='bbox 573 2399 817 2487; x_wconf 89' lang='lat' dir='ltr'>Pentecostes,</span> <span class='ocrx_word' id='word_1_166' title='bbox 845 2400 888 2471; x_wconf 90' lang='lat' dir='ltr'>ad</span> <span class='ocrx_word' id='word_1_167' title='bbox 912 2398 1035 2471; x_wconf 90' lang='lat' dir='ltr'>dictam</span> <span class='ocrx_word' id='word_1_168' title='bbox 1056 2396 1249 2472; x_wconf 88' lang='lat' dir='ltr'>Ecclesiam</span> <span class='ocrx_word' id='word_1_169' title='bbox 1272 2397 1389 2471; x_wconf 85' lang='lat' dir='ltr'>Matri·</span> 
     </span>
     <span class='ocr_line' id='line_1_22' title="bbox 114 2500 1388 2594; baseline -0.003 -14"><span class='ocrx_word' id='word_1_170' title='bbox 114 2527 187 2580; x_wconf 77' lang='lat' dir='ltr'>tem</span> <span class='ocrx_word' id='word_1_171' title='bbox 211 2506 356 2594; x_wconf 84' lang='lat' dir='ltr'>venire,</span> <span class='ocrx_word' id='word_1_172' title='bbox 383 2512 418 2576; x_wconf 90' lang='lat' dir='ltr'>et</span> <span class='ocrx_word' id='word_1_173' title='bbox 445 2504 481 2573; x_wconf 94' lang='lat' dir='ltr'>in</span> <span class='ocrx_word' id='word_1_174' title='bbox 509 2501 598 2574; x_wconf 92' lang='lat' dir='ltr'>dicta</span> <span class='ocrx_word' id='word_1_175' title='bbox 620 2500 763 2573; x_wconf 83' lang='lat' dir='ltr'>Matrice</span> <span class='ocrx_word' id='word_1_176' title='bbox 782 2500 942 2576; x_wconf 90' lang='lat' dir='ltr'>Ecclesia</span> <span class='ocrx_word' id='word_1_177' title='bbox 968 2511 1116 2591; x_wconf 90' lang='lat' dir='ltr'>tantum,</span> <span class='ocrx_word' id='word_1_178' title='bbox 1143 2524 1214 2574; x_wconf 90' lang='lat' dir='ltr'>non</span> <span class='ocrx_word' id='word_1_179' title='bbox 1242 2502 1388 2576; x_wconf 86' lang='lat' dir='ltr'>indicta</span> 
     </span>
     <span class='ocr_line' id='line_1_23' title="bbox 114 2602 1388 2705; baseline -0.004 -22"><span class='ocrx_word' id='word_1_180' title='bbox 114 2606 257 2705; x_wconf 67' lang='lat' dir='ltr'>Sapella</span> <span class='ocrx_word' id='word_1_181' title='bbox 282 2605 331 2701; x_wconf 92' lang='lat' dir='ltr'>(si</span> <span class='ocrx_word' id='word_1_182' title='bbox 349 2615 422 2680; x_wconf 89' lang='lat' dir='ltr'>tuto</span> <span class='ocrx_word' id='word_1_183' title='bbox 443 2604 486 2677; x_wconf 94' lang='lat' dir='ltr'>ad</span> <span class='ocrx_word' id='word_1_184' title='bbox 506 2602 700 2678; x_wconf 88' lang='lat' dir='ltr'>Ecclesiam</span> <span class='ocrx_word' id='word_1_185' title='bbox 720 2605 956 2681; x_wconf 86' lang='lat' dir='ltr'>Parochialem</span> <span class='ocrx_word' id='word_1_186' title='bbox 991 2608 1111 2678; x_wconf 92' lang='lat' dir='ltr'>venire</span> <span class='ocrx_word' id='word_1_187' title='bbox 1129 2604 1278 2702; x_wconf 84' lang='lat' dir='ltr'>possint)</span> <span class='ocrx_word' id='word_1_188' title='bbox 1305 2606 1388 2679; x_wconf 90' lang='lat' dir='ltr'>Pre-</span> 
     </span>
     <span class='ocr_line' id='line_1_24' title="bbox 114 2706 1389 2806; baseline -0.003 -20"><span class='ocrx_word' id='word_1_189' title='bbox 114 2733 170 2786; x_wconf 78' lang='lat' dir='ltr'>tes</span> <span class='ocrx_word' id='word_1_190' title='bbox 193 2709 335 2799; x_wconf 87' lang='lat' dir='ltr'>audire,</span> <span class='ocrx_word' id='word_1_191' title='bbox 363 2720 398 2782; x_wconf 87' lang='lat' dir='ltr'>et</span> <span class='ocrx_word' id='word_1_192' title='bbox 417 2706 676 2783; x_wconf 89' lang='lat' dir='ltr'>Sacramentum</span> <span class='ocrx_word' id='word_1_193' title='bbox 697 2706 935 2783; x_wconf 89' lang='lat' dir='ltr'>Eucharistiae</span> <span class='ocrx_word' id='word_1_194' title='bbox 954 2708 1078 2781; x_wconf 88' lang='lat' dir='ltr'>ibidem</span> <span class='ocrx_word' id='word_1_195' title='bbox 1102 2712 1302 2806; x_wconf 90' lang='lat' dir='ltr'>percipere;</span> <span class='ocrx_word' id='word_1_196' title='bbox 1329 2709 1389 2782; x_wconf 90' lang='lat' dir='ltr'>vel</span> 
     </span>
     <span class='ocr_line' id='line_1_25' title="bbox 114 2812 1388 2910; baseline -0.003 -22"><span class='ocrx_word' id='word_1_197' title='bbox 114 2818 136 2888; x_wconf 84' lang='lat' dir='ltr'>ti</span> <span class='ocrx_word' id='word_1_198' title='bbox 159 2823 367 2910; x_wconf 87' lang='lat' dir='ltr'>tempestate</span> <span class='ocrx_word' id='word_1_199' title='bbox 387 2822 446 2884; x_wconf 90' lang='lat' dir='ltr'>aut</span> <span class='ocrx_word' id='word_1_200' title='bbox 467 2812 535 2884; x_wconf 93' lang='lat' dir='ltr'>alio</span> <span class='ocrx_word' id='word_1_201' title='bbox 558 2812 799 2909; x_wconf 89' lang='lat' dir='ltr'>impedimento</span> <span class='ocrx_word' id='word_1_202' title='bbox 823 2812 1057 2900; x_wconf 75' lang='lat' dir='ltr'>detineantur,</span> <span class='ocrx_word' id='word_1_203' title='bbox 1084 2834 1153 2906; x_wconf 94' lang='lat' dir='ltr'>quo</span> <span class='ocrx_word' id='word_1_204' title='bbox 1176 2815 1287 2887; x_wconf 88' lang='lat' dir='ltr'>minus</span> <span class='ocrx_word' id='word_1_205' title='bbox 1308 2824 1388 2885; x_wconf 90' lang='lat' dir='ltr'>tnnc</span> 
     </span>
     <span class='ocr_line' id='line_1_26' title="bbox 114 2914 1388 3013; baseline -0.004 -22"><span class='ocrx_word' id='word_1_206' title='bbox 114 2920 234 2991; x_wconf 72' lang='lat' dir='ltr'>venne</span> <span class='ocrx_word' id='word_1_207' title='bbox 266 2917 417 3013; x_wconf 88' lang='lat' dir='ltr'>possint,</span> <span class='ocrx_word' id='word_1_208' title='bbox 450 2925 521 2988; x_wconf 89' lang='lat' dir='ltr'>tum</span> <span class='ocrx_word' id='word_1_209' title='bbox 554 2915 609 2987; x_wconf 91' lang='lat' dir='ltr'>die</span> <span class='ocrx_word' id='word_1_210' title='bbox 638 2914 838 3008; x_wconf 89' lang='lat' dir='ltr'>Dominico,</span> <span class='ocrx_word' id='word_1_211' title='bbox 873 2938 941 3010; x_wconf 92' lang='lat' dir='ltr'>quo</span> <span class='ocrx_word' id='word_1_212' title='bbox 973 2924 1047 2987; x_wconf 92' lang='lat' dir='ltr'>tuto</span> <span class='ocrx_word' id='word_1_213' title='bbox 1080 2916 1200 2985; x_wconf 89' lang='lat' dir='ltr'>venire</span> <span class='ocrx_word' id='word_1_214' title='bbox 1230 2925 1388 3011; x_wconf 88' lang='lat' dir='ltr'>possunt,</span> 
     </span>
     <span class='ocr_line' id='line_1_27' title="bbox 114 3017 1387 3116; baseline -0.005 -20"><span class='ocrx_word' id='word_1_215' title='bbox 114 3020 364 3116; x_wconf 83' lang='lat' dir='ltr'>subsequente,</span> <span class='ocrx_word' id='word_1_216' title='bbox 385 3021 507 3092; x_wconf 87' lang='lat' dir='ltr'>venire</span> <span class='ocrx_word' id='word_1_217' title='bbox 529 3029 564 3092; x_wconf 90' lang='lat' dir='ltr'>et</span> <span class='ocrx_word' id='word_1_218' title='bbox 584 3017 830 3092; x_wconf 89' lang='lat' dir='ltr'>Eucharistiam</span> <span class='ocrx_word' id='word_1_219' title='bbox 854 3019 1014 3114; x_wconf 88' lang='lat' dir='ltr'>accipere</span> <span class='ocrx_word' id='word_1_220' title='bbox 1033 3019 1170 3088; x_wconf 90' lang='lat' dir='ltr'>omnino</span> <span class='ocrx_word' id='word_1_221' title='bbox 1193 3026 1387 3107; x_wconf 88' lang='lat' dir='ltr'>teneantur,</span> 
     </span>
     <span class='ocr_line' id='line_1_28' title="bbox 114 3119 1387 3218; baseline -0.005 -19"><span class='ocrx_word' id='word_1_222' title='bbox 114 3125 242 3218; x_wconf 81' lang='lat' dir='ltr'>absque</span> <span class='ocrx_word' id='word_1_223' title='bbox 269 3122 412 3218; x_wconf 89' lang='lat' dir='ltr'>speciali</span> <span class='ocrx_word' id='word_1_224' title='bbox 433 3121 585 3195; x_wconf 83' lang='lat' dir='ltr'>Licentia</span> <span class='ocrx_word' id='word_1_225' title='bbox 605 3132 742 3213; x_wconf 90' lang='lat' dir='ltr'>nostra,</span> <span class='ocrx_word' id='word_1_226' title='bbox 781 3144 845 3198; x_wconf 89' lang='lat' dir='ltr'>seu</span> <span class='ocrx_word' id='word_1_227' title='bbox 866 3119 996 3192; x_wconf 84' lang='lat' dir='ltr'>Vicarii</span> <span class='ocrx_word' id='word_1_228' title='bbox 1017 3122 1126 3197; x_wconf 90' lang='lat' dir='ltr'>nostri</span> <span class='ocrx_word' id='word_1_229' title='bbox 1151 3122 1327 3214; x_wconf 84' lang='lat' dir='ltr'>generalis</span> <span class='ocrx_word' id='word_1_230' title='bbox 1352 3122 1387 3195; x_wconf 92' lang='lat' dir='ltr'>in</span> 
     </span>
     <span class='ocr_line' id='line_1_29' title="bbox 114 3225 465 3322; baseline -0.011 -20"><span class='ocrx_word' id='word_1_231' title='bbox 114 3229 177 3309; x_wconf 86' lang='lat' dir='ltr'>bac</span> <span class='ocrx_word' id='word_1_232' title='bbox 197 3236 297 3322; x_wconf 89' lang='lat' dir='ltr'>parte</span> <span class='ocrx_word' id='word_1_233' title='bbox 317 3225 465 3298; x_wconf 90' lang='lat' dir='ltr'>obtenta.</span> 
     </span>
    </p>

    <p class='ocr_par' dir='ltr' id='par_1_4' title="bbox 114 3324 1387 4334">
     <span class='ocr_line' id='line_1_30' title="bbox 215 3324 1387 3423; baseline -0.002 -21"><span class='ocrx_word' id='word_1_234' title='bbox 215 3329 363 3403; x_wconf 90' lang='lat' dir='ltr'>Proviso</span> <span class='ocrx_word' id='word_1_235' title='bbox 387 3332 508 3419; x_wconf 89' lang='lat' dir='ltr'>etiam,</span> <span class='ocrx_word' id='word_1_236' title='bbox 534 3326 625 3422; x_wconf 95' lang='lat' dir='ltr'>quod</span> <span class='ocrx_word' id='word_1_237' title='bbox 646 3328 682 3399; x_wconf 91' lang='lat' dir='ltr'>in</span> <span class='ocrx_word' id='word_1_238' title='bbox 704 3327 793 3400; x_wconf 86' lang='lat' dir='ltr'>dicta</span> <span class='ocrx_word' id='word_1_239' title='bbox 813 3324 955 3423; x_wconf 85' lang='lat' dir='ltr'>Capella</span> <span class='ocrx_word' id='word_1_240' title='bbox 978 3324 1237 3399; x_wconf 89' lang='lat' dir='ltr'>Sacramentum</span> <span class='ocrx_word' id='word_1_241' title='bbox 1255 3325 1387 3422; x_wconf 91' lang='lat' dir='ltr'>Baptis-</span> 
     </span>
     <span class='ocr_line' id='line_1_31' title="bbox 114 3427 1387 3524; baseline -0.003 -17"><span class='ocrx_word' id='word_1_242' title='bbox 114 3436 209 3507; x_wconf 88' lang='lat' dir='ltr'>matis</span> <span class='ocrx_word' id='word_1_243' title='bbox 244 3454 315 3504; x_wconf 92' lang='lat' dir='ltr'>uon</span> <span class='ocrx_word' id='word_1_244' title='bbox 347 3435 575 3520; x_wconf 87' lang='lat' dir='ltr'>ministratur,</span> <span class='ocrx_word' id='word_1_245' title='bbox 609 3452 675 3502; x_wconf 89' lang='lat' dir='ltr'>nec</span> <span class='ocrx_word' id='word_1_246' title='bbox 700 3427 917 3503; x_wconf 83' lang='lat' dir='ltr'>Matrimonia</span> <span class='ocrx_word' id='word_1_247' title='bbox 950 3430 1237 3518; x_wconf 78' lang='lat' dir='ltr'>solemnizentur,</span> <span class='ocrx_word' id='word_1_248' title='bbox 1273 3451 1387 3524; x_wconf 90' lang='lat' dir='ltr'>neque</span> 
     </span>
     <span class='ocr_line' id='line_1_32' title="bbox 114 3533 1387 3631; baseline -0.007 -20"><span class='ocrx_word' id='word_1_249' title='bbox 114 3536 266 3611; x_wconf 83' lang='lat' dir='ltr'>Verbum</span> <span class='ocrx_word' id='word_1_250' title='bbox 288 3534 354 3608; x_wconf 91' lang='lat' dir='ltr'>Dei</span> <span class='ocrx_word' id='word_1_251' title='bbox 379 3535 616 3631; x_wconf 86' lang='lat' dir='ltr'>praedicetur,</span> <span class='ocrx_word' id='word_1_252' title='bbox 649 3554 764 3628; x_wconf 87' lang='lat' dir='ltr'>neque</span> <span class='ocrx_word' id='word_1_253' title='bbox 786 3533 1009 3608; x_wconf 87' lang='lat' dir='ltr'>Sacramenta</span> <span class='ocrx_word' id='word_1_254' title='bbox 1037 3533 1096 3606; x_wconf 86' lang='lat' dir='ltr'>vel</span> <span class='ocrx_word' id='word_1_255' title='bbox 1118 3533 1387 3608; x_wconf 87' lang='lat' dir='ltr'>Sacramentalia</span> 
     </span>
     <span class='ocr_line' id='line_1_33' title="bbox 114 3632 1387 3737; baseline -0.005 -24"><span class='ocrx_word' id='word_1_256' title='bbox 114 3638 281 3737; x_wconf 84' lang='lat' dir='ltr'>aliquibus</span> <span class='ocrx_word' id='word_1_257' title='bbox 304 3639 459 3734; x_wconf 78' lang='lat' dir='ltr'>profanis</span> <span class='ocrx_word' id='word_1_258' title='bbox 480 3636 722 3730; x_wconf 84' lang='lat' dir='ltr'>conferantur,</span> <span class='ocrx_word' id='word_1_259' title='bbox 749 3646 991 3732; x_wconf 83' lang='lat' dir='ltr'>praeterquam</span> <span class='ocrx_word' id='word_1_260' title='bbox 1012 3635 1097 3711; x_wconf 90' lang='lat' dir='ltr'>solis</span> <span class='ocrx_word' id='word_1_261' title='bbox 1122 3632 1387 3707; x_wconf 89' lang='lat' dir='ltr'>inhabitantibus</span> 
     </span>
     <span class='ocr_line' id='line_1_34' title="bbox 114 3738 1387 3837; baseline -0.006 -18"><span class='ocrx_word' id='word_1_262' title='bbox 114 3766 172 3819; x_wconf 86' lang='lat' dir='ltr'>seu</span> <span class='ocrx_word' id='word_1_263' title='bbox 208 3741 413 3837; x_wconf 80' lang='lat' dir='ltr'>degentibus</span> <span class='ocrx_word' id='word_1_264' title='bbox 448 3745 483 3813; x_wconf 95' lang='lat' dir='ltr'>in</span> <span class='ocrx_word' id='word_1_265' title='bbox 516 3741 627 3833; x_wconf 85' lang='lat' dir='ltr'>Villa,</span> <span class='ocrx_word' id='word_1_266' title='bbox 661 3739 861 3829; x_wconf 87' lang='lat' dir='ltr'>Hamlettis,</span> <span class='ocrx_word' id='word_1_267' title='bbox 888 3749 952 3811; x_wconf 90' lang='lat' dir='ltr'>etc.</span> <span class='ocrx_word' id='word_1_268' title='bbox 986 3738 1151 3835; x_wconf 91' lang='lat' dir='ltr'>praedict.</span> <span class='ocrx_word' id='word_1_269' title='bbox 1187 3759 1254 3810; x_wconf 91' lang='lat' dir='ltr'>nec</span> <span class='ocrx_word' id='word_1_270' title='bbox 1285 3740 1387 3811; x_wconf 86' lang='lat' dir='ltr'>etiam</span> 
     </span>
     <span class='ocr_line' id='line_1_35' title="bbox 114 3841 1387 3942; baseline -0.005 -21"><span class='ocrx_word' id='word_1_271' title='bbox 114 3848 254 3942; x_wconf 87' lang='lat' dir='ltr'>reliquis</span> <span class='ocrx_word' id='word_1_272' title='bbox 277 3843 553 3920; x_wconf 82' lang='lat' dir='ltr'>dictaedlatricis</span> <span class='ocrx_word' id='word_1_273' title='bbox 570 3842 754 3917; x_wconf 88' lang='lat' dir='ltr'>Ecclesiae</span> <span class='ocrx_word' id='word_1_274' title='bbox 772 3842 984 3916; x_wconf 90' lang='lat' dir='ltr'>Parochialis</span> <span class='ocrx_word' id='word_1_275' title='bbox 1006 3845 1041 3915; x_wconf 90' lang='lat' dir='ltr'>in</span> <span class='ocrx_word' id='word_1_276' title='bbox 1062 3841 1267 3915; x_wconf 87' lang='lat' dir='ltr'>occidentali</span> <span class='ocrx_word' id='word_1_277' title='bbox 1288 3852 1387 3936; x_wconf 91' lang='lat' dir='ltr'>parte</span> 
     </span>
     <span class='ocr_line' id='line_1_36' title="bbox 114 3942 1386 4048; baseline -0.004 -26"><span class='ocrx_word' id='word_1_278' title='bbox 114 3954 205 4048; x_wconf 87' lang='lat' dir='ltr'>ripae</span> <span class='ocrx_word' id='word_1_279' title='bbox 230 3948 511 4037; x_wconf 88' lang='lat' dir='ltr'>inhabitantibus,</span> <span class='ocrx_word' id='word_1_280' title='bbox 538 3946 648 4022; x_wconf 80' lang='lat' dir='ltr'>inscio</span> <span class='ocrx_word' id='word_1_281' title='bbox 675 3948 736 4021; x_wconf 92' lang='lat' dir='ltr'>vel</span> <span class='ocrx_word' id='word_1_282' title='bbox 758 3949 866 4019; x_wconf 91' lang='lat' dir='ltr'>invito</span> <span class='ocrx_word' id='word_1_283' title='bbox 890 3944 1042 4018; x_wconf 84' lang='lat' dir='ltr'>Rectore</span> <span class='ocrx_word' id='word_1_284' title='bbox 1064 3943 1246 4020; x_wconf 84' lang='lat' dir='ltr'>Ecclesiae</span> <span class='ocrx_word' id='word_1_285' title='bbox 1268 3942 1386 4017; x_wconf 86' lang='lat' dir='ltr'>Matri·</span> 
     </span>
     <span class='ocr_line' id='line_1_37' title="bbox 114 4048 1386 4146; baseline -0.003 -20"><span class='ocrx_word' id='word_1_286' title='bbox 114 4058 158 4128; x_wconf 90' lang='lat' dir='ltr'>cis</span> <span class='ocrx_word' id='word_1_287' title='bbox 188 4062 330 4127; x_wconf 88' lang='lat' dir='ltr'>sauctae</span> <span class='ocrx_word' id='word_1_288' title='bbox 356 4051 487 4125; x_wconf 83' lang='lat' dir='ltr'>Mariae</span> <span class='ocrx_word' id='word_1_289' title='bbox 520 4054 615 4124; x_wconf 83' lang='lat' dir='ltr'>iuxta</span> <span class='ocrx_word' id='word_1_290' title='bbox 642 4052 758 4124; x_wconf 93' lang='lat' dir='ltr'>villam</span> <span class='ocrx_word' id='word_1_291' title='bbox 786 4049 998 4146; x_wconf 89' lang='lat' dir='ltr'>Soutbampt.</span> <span class='ocrx_word' id='word_1_292' title='bbox 1027 4049 1190 4145; x_wconf 88' lang='lat' dir='ltr'>praedict.</span> <span class='ocrx_word' id='word_1_293' title='bbox 1219 4069 1282 4122; x_wconf 90' lang='lat' dir='ltr'>seu</span> <span class='ocrx_word' id='word_1_294' title='bbox 1309 4048 1386 4122; x_wconf 90' lang='lat' dir='ltr'>abs·</span> 
     </span>
     <span class='ocr_line' id='line_1_38' title="bbox 114 4151 1385 4252; baseline -0.003 -23"><span class='ocrx_word' id='word_1_295' title='bbox 114 4178 177 4252; x_wconf 90' lang='lat' dir='ltr'>que</span> <span class='ocrx_word' id='word_1_296' title='bbox 199 4177 364 4245; x_wconf 89' lang='lat' dir='ltr'>assensu,</span> <span class='ocrx_word' id='word_1_297' title='bbox 391 4177 564 4232; x_wconf 86' lang='lat' dir='ltr'>consensu</span> <span class='ocrx_word' id='word_1_298' title='bbox 586 4164 621 4227; x_wconf 88' lang='lat' dir='ltr'>et</span> <span class='ocrx_word' id='word_1_299' title='bbox 650 4155 787 4229; x_wconf 90' lang='lat' dir='ltr'>licentia</span> <span class='ocrx_word' id='word_1_300' title='bbox 817 4154 971 4227; x_wconf 92' lang='lat' dir='ltr'>eiusdem</span> <span class='ocrx_word' id='word_1_301' title='bbox 999 4155 1094 4248; x_wconf 91' lang='lat' dir='ltr'>prius</span> <span class='ocrx_word' id='word_1_302' title='bbox 1122 4151 1235 4227; x_wconf 90' lang='lat' dir='ltr'>habita</span> <span class='ocrx_word' id='word_1_303' title='bbox 1264 4162 1299 4224; x_wconf 89' lang='lat' dir='ltr'>et</span> <span class='ocrx_word' id='word_1_304' title='bbox 1324 4151 1385 4225; x_wconf 92' lang='lat' dir='ltr'>ob·</span> 
     </span>
     <span class='ocr_line' id='line_1_39' title="bbox 114 4269 212 4334; baseline -0.02 -1"><span class='ocrx_word' id='word_1_305' title='bbox 114 4269 212 4334; x_wconf 74' lang='lat' dir='ltr'>lenia.</span> 
     </span>
    </p>

    <p class='ocr_par' dir='ltr' id='par_1_5' title="bbox 114 4356 1387 4562">
     <span class='ocr_line' id='line_1_40' title="bbox 211 4356 1387 4447; baseline -0.003 -13"><span class='ocrx_word' id='word_1_306' title='bbox 211 4360 259 4434; x_wconf 92' lang='lat' dir='ltr'>Et</span> <span class='ocrx_word' id='word_1_307' title='bbox 282 4360 428 4437; x_wconf 88' lang='lat' dir='ltr'>ulterius</span> <span class='ocrx_word' id='word_1_308' title='bbox 455 4360 546 4434; x_wconf 92' lang='lat' dir='ltr'>dicto</span> <span class='ocrx_word' id='word_1_309' title='bbox 577 4370 720 4435; x_wconf 89' lang='lat' dir='ltr'>strenuo</span> <span class='ocrx_word' id='word_1_310' title='bbox 747 4359 920 4433; x_wconf 85' lang='lat' dir='ltr'>Ricbardo</span> <span class='ocrx_word' id='word_1_311' title='bbox 951 4357 1078 4447; x_wconf 88' lang='lat' dir='ltr'>Smith,</span> <span class='ocrx_word' id='word_1_312' title='bbox 1111 4356 1327 4431; x_wconf 89' lang='lat' dir='ltr'>Haeredibus</span> <span class='ocrx_word' id='word_1_313' title='bbox 1352 4362 1387 4431; x_wconf 88' lang='lat' dir='ltr'>cl</span> 
     </span>
     <span class='ocr_line' id='line_1_41' title="bbox 114 4460 1387 4562; baseline -0.002 -23"><span class='ocrx_word' id='word_1_314' title='bbox 114 4467 309 4560; x_wconf 66' lang='lat' dir='ltr'>designatis</span> <span class='ocrx_word' id='word_1_315' title='bbox 331 4467 426 4554; x_wconf 87' lang='lat' dir='ltr'>suis,</span> <span class='ocrx_word' id='word_1_316' title='bbox 450 4463 593 4539; x_wconf 81' lang='lat' dir='ltr'>liberam</span> <span class='ocrx_word' id='word_1_317' title='bbox 616 4473 651 4539; x_wconf 85' lang='lat' dir='ltr'>ot</span> <span class='ocrx_word' id='word_1_318' title='bbox 675 4464 814 4561; x_wconf 85' lang='lat' dir='ltr'>plenam</span> <span class='ocrx_word' id='word_1_319' title='bbox 839 4472 1046 4562; x_wconf 87' lang='lat' dir='ltr'>potestatem</span> <span class='ocrx_word' id='word_1_320' title='bbox 1072 4463 1109 4535; x_wconf 91' lang='lat' dir='ltr'>iu</span> <span class='ocrx_word' id='word_1_321' title='bbox 1131 4460 1278 4535; x_wconf 83' lang='lat' dir='ltr'>Domino</span> <span class='ocrx_word' id='word_1_322' title='bbox 1303 4480 1387 4537; x_wconf 75' lang='lat' dir='ltr'>con-</span> 
     </span>
    </p>
   </div>
   <div class='ocr_carea' id='block_1_3' title="bbox 1101 4579 1179 4653">
    <p class='ocr_par' dir='ltr' id='par_1_6' title="bbox 1101 4579 1179 4653">
     <span class='ocr_line' id='line_1_42' title="bbox 1101 4579 1179 4653; baseline 0 -22"><span class='ocrx_word' id='word_1_323' title='bbox 1101 4579 1179 4653; x_wconf 72' lang='lat'>40*</span> 
     </span>
    </p>
   </div>
   <div class='ocr_carea' id='block_1_4' title="bbox 0 0 1500 4926">
    <p class='ocr_par' dir='ltr' id='par_1_7' title="bbox 0 0 1500 4926">
     <span class='ocr_line' id='line_1_43' title="bbox 0 0 1500 4926; baseline 0 0"><span class='ocrx_word' id='word_1_324' title='bbox 0 0 1500 4926; x_wconf 95' lang='lat' dir='ltr'> </span> 
     </span>
    </p>
   </div>
  </div>
 </body>
</html>
