2992 4926
785 207 836 279 o4

178 403 569 485 mompsuestenum
590 403 658 486 quii
678 404 817 486 voluptati
839 409 962 488 aunum,
984 407 1037 469 sed
1058 407 1182 469 seusiam
1200 406 1295 470 omnia
1311 418 1441 468 revera·
1484 444 1486 449 -

178 506 236 569 tiso
255 506 310 569 Dei
330 516 360 569 et
378 506 586 587 aedificationi,
608 516 663 571 tam
687 510 863 588 canentium,
894 528 976 589 quam
996 508 1182 588 audientium,
1205 509 1231 569 si
1253 506 1442 591 qniiortsssa

178 606 272 672 adsint
292 627 349 673 noo
369 619 514 675 canentes.

265 723 336 790 Cum
356 726 547 808 absolverint,
569 735 628 789 tum
648 744 720 788 unus
740 745 778 790 ex
795 729 930 790 ministris
951 747 968 789 e
989 737 1129 809 suggestu
1148 729 1193 790 sio
1213 728 1331 808 incipit:

261 849 481 924 Adiutorium
505 861 658 926 nostrum
686 860 748 922 eto.

265 984 376 1047 Deinde
397 984 473 1047 clara
499 993 529 1046 et
549 983 680 1046 distinata
703 1001 775 1045 uoce
801 981 937 1065 populum
958 980 1090 1044 admonet
1109 980 1145 1044 de
1170 980 1360 1045 confessione
1380 995 1437 1061 pee-

181 1097 325 1166 oatorum,
346 1087 449 1169 hisque
467 1086 564 1148 uerbis
583 1089 691 1167 praeit:

266 1209 406 1285 Fratres
429 1212 559 1303 cogitet
583 1231 673 1283 nuno
701 1218 863 1283 vestrum.
895 1247 939 1259 -
976 1204 1025 1280 of.
1052 1204 1193 1282 Fratres
1216 1208 1439 1303 unusquisque

180 1323 334 1391 vestrum
359 1337 390 1411 p.
414 1313 472 1385 53.

268 1429 417 1505 Domine
444 1430 540 1505 Deus
557 1431 660 1505 Pater
687 1439 827 1503 aeterne
855 1439 889 1504 et
911 1433 1144 1527 omnipotens,
1171 1433 1438 1525 agnoscimuset

182 1537 328 1613 fatemur
350 1538 500 1629 ingenue
526 1545 590 1607 eto.
645 1531 695 1609 cf.
722 1534 868 1607 Domine
886 1534 981 1609 Deus
1004 1532 1105 1607 Pater
1127 1545 1191 1606 eto.
1214 1558 1246 1632 p.
1272 1537 1332 1608 53.

266 1669 336 1731 Post
355 1669 428 1731 haee
452 1668 580 1728 minister
608 1685 645 1729 ex
670 1668 812 1748 scriptura
839 1686 919 1731 saera
940 1670 1107 1729 seutentiam
1133 1666 1254 1748 aliquam
1274 1667 1438 1729 remissionis

185 1781 369 1858 peecatorum
390 1769 501 1852 populo
521 1772 633 1832 reoitat.
677 1771 721 1833 Ao
740 1779 801 1833 toto
823 1770 879 1832 hoe
899 1779 1029 1851 tempore
1054 1769 1178 1851 populus
1198 1788 1299 1851 magna
1321 1788 1384 1830 eom
1401 1786 1438 1829 re

129 1908 135 1923 .
183 1877 312 1940 verentia
328 1874 376 1936 vel
395 1882 484 1952 astat,
506 1871 554 1934 vel
574 1872 734 1954 procumbit
756 1874 785 1935 iu
804 1890 914 1953 genua,
937 1882 969 1933 ut
989 1874 1096 1936 animus
1117 1874 1256 1954 cuiusque
1273 1872 1379 1934 tulerit
1480 1894 1486 1989 ἰ·

267 1992 457 2058 absolutione
472 1994 667 2073 pronuntiata,
696 1991 825 2054 ilinister
844 1993 957 2054 nomine
978 1990 1092 2055 Domini
1116 1995 1268 2071 invocato,
1297 2001 1331 2054 ut
1350 1992 1440 2073 spirits

183 2108 282 2162 saneto
310 2097 421 2160 adiuturs
453 2096 545 2176 possit
567 2094 651 2174 digna
675 2092 740 2155 Deo
770 2103 855 2175 atque
877 2094 1008 2157 salutaria
1037 2094 1182 2157 eeclesiae
1208 2094 1325 2176 eloqui,
1351 2096 1442 2158 reeitat
1482 2094 1486 2157 i

183 2220 222 2265 ex
246 2215 322 2263 novo
346 2198 529 2259 Testamento
555 2197 829 2277 ostemationem,
859 2214 984 2279 pergens
1009 2200 1038 2260 in
1063 2215 1099 2260 eo
1126 2197 1216 2278 libro,
1245 2216 1334 2280 quem
1362 2196 1441 2261 senei
1484 2194 1486 2201 '

184 2303 239 2365 erit
256 2316 413 2380 aggressus
434 2313 580 2378 exponere
602 2296 754 2360 ecelesiae.
799 2298 902 2381 Neque
923 2301 1044 2382 amplius
1066 2303 1182 2383 reoitat,
1207 2320 1292 2383 quam
1313 2304 1442 2385 interpre·

184 2402 237 2468 tari
258 2400 406 2464 studuerit.

270 2518 447 2585 Coneiouem
460 2517 548 2579 horas
563 2516 879 2601 spatiomsolvu1)sc
894 2519 1024 2582 subiecta
1038 2522 1204 2601 precatione
1218 2516 1375 2582 concludit.
1394 2466 1443 2581 Aa

186 2632 282 2688 monet
301 2631 395 2684 antem
418 2621 496 2701 prius
517 2618 687 2701 ecelesiam,
713 2624 738 2684 si
758 2639 813 2703 qua
834 2630 898 2683 suut
917 2620 1001 2702 dignu
1028 2633 1057 2685 et
1077 2624 1250 2686 necessaria.
1295 2622 1444 2705 Demposi

177 2798 393 2815 ι*-

65 2930 68 2935 ·
189 2911 310 2969 tissimse
325 2903 492 2966 Genevsnsis
514 2904 599 2962 offleii
614 2904 747 2977 exprimat
768 2905 930 2978 imaginem,
953 2921 986 2962 ea
1006 2912 1107 2962 tautum
1125 2907 1364 2982 mensoripsinw
1383 2924 1447 2984 poto

188 2995 224 3054 ad
237 3012 307 3071 opus
324 3001 447 3052 nostrum
462 2992 555 3053 faeere
574 2989 743 3067 uidebuntur.
776 2992 901 3049 Ceterum
917 2991 1020 3048 collato
1035 2991 1187 3050 Densusnsi
1203 2994 1376 3055 Gatseirisrao
1389 2995 1447 3055 esai
1467 2998 1469 3007 ’

188 3082 256 3139 loss
271 3083 331 3139 tuoe
347 3079 494 3136 meridiana
512 3077 611 3134 otarius
628 3083 685 3147 est,
707 3077 835 3134 Pelorum
855 3078 899 3135 vei
920 3093 969 3134 sua
988 3094 1052 3136 eura
1069 3077 1337 3139 Franco-Gallicum
1358 3083 1447 3141 iiim

187 3166 288 3225 iooisse
303 3165 429 3237 latinum,
452 3163 497 3221 sei
510 3162 565 3220 ulio
580 3179 656 3220 usum
671 3179 733 3220 esse
747 3162 907 3238 interprete.

273 3282 304 3363 l)
324 3284 380 3340 lam
400 3281 428 3338 in
449 3282 535 3340 iomo
552 3279 662 3338 Codicis
681 3280 802 3338 seeundo
832 3282 982 3356 carpsimus
1009 3297 1149 3340 sermones
1169 3283 1339 3341 iotheranae
1361 3286 1446 3343 eneis-

188 3371 247 3430 sise
263 3372 364 3440 longos
378 3375 406 3424 et
420 3367 622 3424 immoderatius
637 3374 827 3426 excurrentes:
850 3368 901 3426 sed
919 3368 974 3424 hoe
991 3366 1055 3424 nihii
1075 3375 1117 3426 eet
1132 3368 1167 3425 sd
1182 3377 1310 3426 oratores
1325 3369 1446 3428 Datum

189 3457 347 3515 Fiiednerus
363 3454 382 3511 Ι.
397 3470 422 3511 e.
438 3471 465 3528 p.
482 3454 530 3507 45:
554 3453 627 3525 „Die
644 3453 757 3526 Prodigt
772 3453 868 3511 dsuert
887 3456 931 3511 nie
951 3461 1029 3511 noter
1047 3454 1123 3511 einer
1137 3455 1256 3526 Storna,
1277 3456 1449 3528 pewoioliei

191 3547 236 3620 ¹¹5
250 3541 373 3612 stands,
396 3540 437 3597 oit
451 3540 468 3592 2
483 3539 619 3604 Stunden,
635 3539 702 3596 aher
715 3540 759 3597 die
777 3540 1026 3598 Auimerkssmireit
1040 3539 1089 3597 der
1103 3541 1226 3599 Zuhirer
1240 3542 1327 3599 bieibt
1340 3543 1449 3601 newun-

190 3625 422 3702 (iemnpswttrdig
443 3631 579 3698 gespuont
600 3625 644 3680 bis
665 3641 714 3682 sus
728 3626 812 3684 Ende.
855 3629 910 3684 Der
928 3627 1062 3696 Prediger
1081 3627 1127 3683 hat
1147 3627 1190 3683 ein
1211 3627 1274 3685 Gios
1289 3628 1371 3685 iiilelu
1385 3629 1449 3687 oder

192 3716 307 3774 Wseser
321 3714 370 3772 aui
383 3713 433 3769 der
448 3710 550 3768 Kaunoi
565 3726 613 3767 rur
628 3711 703 3767 Seite
719 3713 830 3782 stenen,
852 3714 946 3770 womit
961 3729 991 3769 er
1006 3712 1148 3769 bisweileo
1164 3712 1216 3768 den
1231 3714 1369 3771 troekneo
1384 3716 1450 3775 (iso-

192 3817 253 3859 men
268 3801 407 3859 eririseirt.
450 3799 552 3855 Dausrt
571 3795 616 3853 die
630 3795 742 3869 Prodigt
760 3799 824 3855 sehr
845 3799 943 3873 lenge,
966 3815 1000 3857 so
1020 3799 1087 3856 tisst
1106 3798 1156 3855 der
1171 3797 1304 3870 l’rsdiger
1321 3816 1365 3857 sm
1378 3800 1451 3859 ono

188 3885 273 3960 J'eden
285 3886 392 3943 Theiies
415 3892 503 3942 etwas
524 3881 631 3954 singen.
675 3883 754 3940 Vieie
776 3885 853 3941 lesen
874 3886 924 3959 eb,
946 3885 1013 3941 aber
1027 3883 1095 3941 aueiu
1109 3885 1173 3941 sehr
1188 3882 1267 3942 Visis
1282 3884 1367 3945 reden
1384 3902 1450 3962 gros

192 3970 260 4045 irai,
282 3970 362 4028 daoei
378 3971 405 4027 io
420 3971 469 4028 der
483 3968 571 4040 Rege!
589 3968 712 4040 laugsam
729 3970 784 4026 uod
798 3971 939 4042 ieierlioh‚
955 3971 1009 4027 wis
1024 3970 1096 4028 disse
1112 3971 1198 4028 sehon
1214 3970 1259 4027 die
1273 3971 1396 4044 Spraoirs
1409 3973 1453 4032 att

192 4058 251 4118 sion
269 4057 372 4129 brinpt.
414 4057 451 4114 Er
465 4055 602 4115 seiriiesst.
646 4054 704 4111 Nun
722 4056 824 4114 kommt
841 4057 890 4113 der
904 4056 1004 4114 linster
1019 4057 1063 4113 die
1078 4056 1277 4130 Ksuueitrepps
1291 4057 1391 4118 berani
1402 4058 1454 4119 uad

192 4144 281 4205 reith
295 4144 349 4201 ilum
371 4142 420 4199 due
434 4143 546 4216 Pepier‚
567 4141 679 4198 morsui
689 4140 736 4197 die
750 4141 1041 4214 Dekanntmaohonpen
1055 4144 1161 4201 stsireu.
1194 4143 1269 4199 Noetu
1283 4142 1369 4203 ‹isren
1386 4146 1455 4203 Ver·

194 4230 355 4303 uorogung
373 4228 488 4300 heginm
504 4228 553 4286 das
567 4227 779 4299 Seirenousson,
801 4228 849 4285 das
867 4229 996 4286 meisters
1013 4244 1104 4301 pogen
1119 4232 1149 4304 ¹1„
1162 4228 1265 4287 Stunde
1280 4228 1396 4306 danem,
1411 4233 1457 4291 sut

194 4316 314 4376 annito
336 4316 379 4372 iur
396 4315 449 4372 uile
464 4314 600 4385 moptiohe
619 4312 765 4385 Kraniseo,
788 4313 831 4370 iu'r
855 4314 989 4372 Reiseods
1010 4331 1042 4370 uo
1057 4314 1171 4373 Wasser
1193 4315 1247 4371 und
1262 4332 1296 4372 su
1310 4317 1386 4375 Laod
1405 4317 1456 4376 uod

195 4403 243 4461 mit
256 4401 478 4474 Deoksopuogen
496 4400 538 4457 itir
559 4399 714 4472 Genesene,
738 4399 781 4456 itit
795 4398 1022 4473 Heimgeirehrte,
1047 4401 1088 4457 itur
1106 4402 1219 4472 soieire,
1239 4401 1285 4459 die
1304 4405 1369 4462 eine
1385 4405 1457 4479 Dpe·

194 4488 285 4551 renen
298 4488 436 4561 pineklietu
451 4485 631 4547 unennnusn
647 4484 826 4585 ΙιιιΙιοιιΙοιο.ιι
