<?xml version="1.0" encoding="UTF-8"?>
<!DOCTYPE html PUBLIC "-//W3C//DTD XHTML 1.0 Transitional//EN"
    "http://www.w3.org/TR/xhtml1/DTD/xhtml1-transitional.dtd">
<html xmlns="http://www.w3.org/1999/xhtml" xml:lang="en" lang="en">
 <head>
  <title>
</title>
<meta http-equiv="Content-Type" content="text/html;charset=utf-8" />
  <meta name='ocr-system' content='tesseract 3.04.00' />
  <meta name='ocr-capabilities' content='ocr_page ocr_carea ocr_par ocr_line ocrx_word'/>
</head>
<body>
  <div class='ocr_page' id='page_1' title='image "./codexliturgicus01danigoog_0028.png"; bbox 0 0 2992 4926; ppageno 0'>
   <div class='ocr_carea' id='block_1_1' title="bbox 114 397 1377 2840">
    <p class='ocr_par' dir='ltr' id='par_1_1' title="bbox 119 397 1370 888">
     <span class='ocr_line' id='line_1_1' title="bbox 123 397 1367 483; baseline 0.004 -23"><span class='ocrx_word' id='word_1_1' title='bbox 123 403 225 461; x_wconf 69' lang='lat' dir='ltr'>mian:</span> <span class='ocrx_word' id='word_1_2' title='bbox 256 397 349 464; x_wconf 72' lang='lat' dir='ltr'>neat</span> <span class='ocrx_word' id='word_1_3' title='bbox 371 401 450 464; x_wconf 80' lang='lat' dir='ltr'>dore</span> <span class='ocrx_word' id='word_1_4' title='bbox 468 401 520 464; x_wconf 86' lang='lat' dir='ltr'>ich</span> <span class='ocrx_word' id='word_1_5' title='bbox 538 403 623 465; x_wconf 63' lang='lat' dir='ltr'>maht</span> <span class='ocrx_word' id='word_1_6' title='bbox 638 403 702 464; x_wconf 77' lang='lat' dir='ltr'>&#39;der</span> <span class='ocrx_word' id='word_1_7' title='bbox 723 398 868 483; x_wconf 65' lang='grc' dir='ltr'><strong><em>Μοίοοορ</em></strong></span> <span class='ocrx_word' id='word_1_8' title='bbox 888 403 957 480; x_wconf 87' lang='lat' dir='ltr'>bin,</span> <span class='ocrx_word' id='word_1_9' title='bbox 979 405 1055 468; x_wconf 80' lang='lat' dir='ltr'>does</span> <span class='ocrx_word' id='word_1_10' title='bbox 1076 402 1204 466; x_wconf 75' lang='lat' dir='ltr'>darach&#39;a</span> <span class='ocrx_word' id='word_1_11' title='bbox 1225 397 1367 482; x_wconf 67' lang='grc' dir='ltr'><strong><em>Εοοοφο-</em></strong></span> 
     </span>
     <span class='ocr_line' id='line_1_2' title="bbox 120 500 1369 586; baseline 0.002 -22"><span class='ocrx_word' id='word_1_12' title='bbox 120 504 182 565; x_wconf 86' lang='lat' dir='ltr'>liaon</span> <span class='ocrx_word' id='word_1_13' title='bbox 202 503 307 566; x_wconf 71' lang='grc' dir='ltr'><strong><em>οοΠΙοο</em></strong></span> <span class='ocrx_word' id='word_1_14' title='bbox 336 504 399 566; x_wconf 87' lang='lat' dir='ltr'>alle</span> <span class='ocrx_word' id='word_1_15' title='bbox 421 500 539 565; x_wconf 61' lang='lat' dir='ltr'>Kanate</span> <span class='ocrx_word' id='word_1_16' title='bbox 563 524 601 565; x_wconf 77' lang='lat' dir='ltr'>nec</span> <span class='ocrx_word' id='word_1_17' title='bbox 625 503 733 568; x_wconf 73' lang='lat' dir='ltr'>Boules</span> <span class='ocrx_word' id='word_1_18' title='bbox 759 507 945 586; x_wconf 71' lang='lat' dir='ltr'>peschlcpeo</span> <span class='ocrx_word' id='word_1_19' title='bbox 965 508 1090 569; x_wconf 83' lang='lat' dir='ltr'>uuerdan</span> <span class='ocrx_word' id='word_1_20' title='bbox 1114 507 1180 568; x_wconf 78' lang='lat' dir='ltr'>rand</span> <span class='ocrx_word' id='word_1_21' title='bbox 1207 505 1369 586; x_wconf 78' lang='lat' dir='ltr'>cerpebeo,</span> 
     </span>
     <span class='ocr_line' id='line_1_3' title="bbox 120 604 1369 687; baseline 0 -19"><span class='ocrx_word' id='word_1_22' title='bbox 120 609 168 668; x_wconf 67' lang='lat' dir='ltr'>n‘e</span> <span class='ocrx_word' id='word_1_23' title='bbox 189 606 294 669; x_wconf 77' lang='lat' dir='ltr'>etliclte</span> <span class='ocrx_word' id='word_1_24' title='bbox 318 604 560 687; x_wconf 76' lang='lat' dir='ltr'>Aberqeietlicltc</span> <span class='ocrx_word' id='word_1_25' title='bbox 586 607 756 687; x_wconf 70' lang='lat' dir='ltr'>pitrpebcm</span> <span class='ocrx_word' id='word_1_26' title='bbox 792 608 927 670; x_wconf 81' lang='lat' dir='ltr'>eundern</span> <span class='ocrx_word' id='word_1_27' title='bbox 953 609 1004 671; x_wconf 86' lang='lat' dir='ltr'>iob</span> <span class='ocrx_word' id='word_1_28' title='bbox 1029 609 1126 671; x_wconf 82' lang='lat' dir='ltr'>wellte</span> <span class='ocrx_word' id='word_1_29' title='bbox 1153 609 1215 670; x_wconf 85' lang='lat' dir='ltr'>alle</span> <span class='ocrx_word' id='word_1_30' title='bbox 1241 605 1369 684; x_wconf 72' lang='lat' dir='ltr'>demae,</span> 
     </span>
     <span class='ocr_line' id='line_1_4' title="bbox 119 690 1370 791; baseline 0.002 -21"><span class='ocrx_word' id='word_1_31' title='bbox 119 709 275 772; x_wconf 67' lang='lat' dir='ltr'>emetat</span> <span class='ocrx_word' id='word_1_32' title='bbox 305 708 359 771; x_wconf 84' lang='lat' dir='ltr'>die</span> <span class='ocrx_word' id='word_1_33' title='bbox 383 706 520 787; x_wconf 75' lang='lat' dir='ltr'>Musica,</span> <span class='ocrx_word' id='word_1_34' title='bbox 550 730 629 791; x_wconf 72' lang='lat' dir='ltr'>perat</span> <span class='ocrx_word' id='word_1_35' title='bbox 658 710 750 772; x_wconf 80' lang='lat' dir='ltr'>echert</span> <span class='ocrx_word' id='word_1_36' title='bbox 776 690 820 770; x_wconf 68' lang='lat' dir='ltr'>inl</span> <span class='ocrx_word' id='word_1_37' title='bbox 845 709 969 774; x_wconf 73' lang='lat' dir='ltr'>meone</span> <span class='ocrx_word' id='word_1_38' title='bbox 998 709 1091 786; x_wconf 79' lang='lat' dir='ltr'>Desa,</span> <span class='ocrx_word' id='word_1_39' title='bbox 1122 711 1180 772; x_wconf 86' lang='lat' dir='ltr'>der</span> <span class='ocrx_word' id='word_1_40' title='bbox 1207 713 1254 773; x_wconf 80' lang='lat' dir='ltr'>eie</span> <span class='ocrx_word' id='word_1_41' title='bbox 1278 728 1370 789; x_wconf 71' lang='lat' dir='ltr'>yepe-</span> 
     </span>
     <span class='ocr_line' id='line_1_5' title="bbox 119 810 279 888; baseline 0 -15"><span class='ocrx_word' id='word_1_42' title='bbox 119 813 165 873; x_wconf 82' lang='lat' dir='ltr'>ben</span> <span class='ocrx_word' id='word_1_43' title='bbox 180 812 240 873; x_wconf 78' lang='lat' dir='ltr'>lot.</span> <span class='ocrx_word' id='word_1_44' title='bbox 254 810 279 888; x_wconf 83' lang='lat'>¹)</span> 
     </span>
    </p>

    <p class='ocr_par' dir='ltr' id='par_1_2' title="bbox 114 912 1377 2840">
     <span class='ocr_line' id='line_1_6' title="bbox 186 912 1372 995; baseline -0.001 -21"><span class='ocrx_word' id='word_1_45' title='bbox 186 912 285 975; x_wconf 82' lang='lat' dir='ltr'>Restat</span> <span class='ocrx_word' id='word_1_46' title='bbox 301 921 334 973; x_wconf 82' lang='lat' dir='ltr'>at</span> <span class='ocrx_word' id='word_1_47' title='bbox 354 912 411 974; x_wconf 85' lang='lat' dir='ltr'>alia</span> <span class='ocrx_word' id='word_1_48' title='bbox 432 923 669 975; x_wconf 89' lang='lat' dir='ltr'>commemoretur</span> <span class='ocrx_word' id='word_1_49' title='bbox 692 915 840 993; x_wconf 87' lang='lat' dir='ltr'>utriusque</span> <span class='ocrx_word' id='word_1_50' title='bbox 862 913 1005 976; x_wconf 89' lang='lat' dir='ltr'>ecelesiae</span> <span class='ocrx_word' id='word_1_51' title='bbox 1026 915 1233 995; x_wconf 75' lang='lat' dir='ltr'><strong>discrepantia,</strong></span> <span class='ocrx_word' id='word_1_52' title='bbox 1258 915 1286 975; x_wconf 91' lang='lat' dir='ltr'>in</span> <span class='ocrx_word' id='word_1_53' title='bbox 1307 914 1372 993; x_wconf 90' lang='lat' dir='ltr'>ipsa</span> 
     </span>
     <span class='ocr_line' id='line_1_7' title="bbox 118 1013 1371 1098; baseline 0 -22"><span class='ocrx_word' id='word_1_54' title='bbox 118 1014 196 1076; x_wconf 81' lang='lat' dir='ltr'>celtus</span> <span class='ocrx_word' id='word_1_55' title='bbox 212 1014 299 1075; x_wconf 79' lang='lat' dir='ltr'>divim</span> <span class='ocrx_word' id='word_1_56' title='bbox 313 1013 487 1098; x_wconf 78' lang='grc' dir='ltr'><strong><em>οἰκονομίᾳ</em></strong></span> <span class='ocrx_word' id='word_1_57' title='bbox 503 1019 669 1096; x_wconf 90' lang='lat' dir='ltr'>conspicua.</span> <span class='ocrx_word' id='word_1_58' title='bbox 693 1016 738 1078; x_wconf 81' lang='lat' dir='ltr'>Ex</span> <span class='ocrx_word' id='word_1_59' title='bbox 754 1015 953 1078; x_wconf 81' lang='lat' dir='ltr'>confessionis</span> <span class='ocrx_word' id='word_1_60' title='bbox 965 1018 1149 1098; x_wconf 78' lang='lat' dir='ltr'>Augustanae</span> <span class='ocrx_word' id='word_1_61' title='bbox 1162 1017 1231 1097; x_wconf 78' lang='lat' dir='ltr'>lege</span> <span class='ocrx_word' id='word_1_62' title='bbox 1246 1015 1371 1077; x_wconf 89' lang='lat' dir='ltr'>ecclesia</span> 
     </span>
     <span class='ocr_line' id='line_1_8' title="bbox 118 1118 1371 1200; baseline 0 -21"><span class='ocrx_word' id='word_1_63' title='bbox 118 1126 154 1179; x_wconf 80' lang='lat' dir='ltr'>at</span> <span class='ocrx_word' id='word_1_64' title='bbox 171 1119 359 1197; x_wconf 76' lang='lat' dir='ltr'>congregatio</span> <span class='ocrx_word' id='word_1_65' title='bbox 381 1127 541 1180; x_wconf 90' lang='lat' dir='ltr'>sanctorum</span> <span class='ocrx_word' id='word_1_66' title='bbox 562 1121 591 1181; x_wconf 92' lang='lat' dir='ltr'>iu</span> <span class='ocrx_word' id='word_1_67' title='bbox 613 1138 669 1200; x_wconf 87' lang='lat' dir='ltr'>qua</span> <span class='ocrx_word' id='word_1_68' title='bbox 689 1120 868 1200; x_wconf 79' lang='lat' dir='ltr'>evangelium</span> <span class='ocrx_word' id='word_1_69' title='bbox 889 1128 970 1181; x_wconf 89' lang='lat' dir='ltr'>recte</span> <span class='ocrx_word' id='word_1_70' title='bbox 993 1119 1112 1181; x_wconf 89' lang='lat' dir='ltr'>docetur</span> <span class='ocrx_word' id='word_1_71' title='bbox 1134 1130 1163 1182; x_wconf 91' lang='lat' dir='ltr'>et</span> <span class='ocrx_word' id='word_1_72' title='bbox 1183 1129 1264 1181; x_wconf 91' lang='lat' dir='ltr'>recte</span> <span class='ocrx_word' id='word_1_73' title='bbox 1284 1118 1371 1179; x_wconf 87' lang='lat' dir='ltr'>admi·</span> 
     </span>
     <span class='ocr_line' id='line_1_9' title="bbox 117 1221 1371 1303; baseline 0.001 -21"><span class='ocrx_word' id='word_1_74' title='bbox 117 1221 254 1282; x_wconf 65' lang='lat' dir='ltr'>mter</span> <span class='ocrx_word' id='word_1_75' title='bbox 276 1230 462 1282; x_wconf 73' lang='lat' dir='ltr'>muraneum.</span> <span class='ocrx_word' id='word_1_76' title='bbox 493 1221 584 1296; x_wconf 86' lang='lat' dir='ltr'>Quam</span> <span class='ocrx_word' id='word_1_77' title='bbox 606 1225 774 1285; x_wconf 91' lang='lat' dir='ltr'>sententiam</span> <span class='ocrx_word' id='word_1_78' title='bbox 798 1224 836 1284; x_wconf 93' lang='lat' dir='ltr'>ita</span> <span class='ocrx_word' id='word_1_79' title='bbox 858 1222 999 1284; x_wconf 75' lang='lat' dir='ltr'>intellexit</span> <span class='ocrx_word' id='word_1_80' title='bbox 1019 1222 1183 1303; x_wconf 80' lang='lat' dir='ltr'>respublica</span> <span class='ocrx_word' id='word_1_81' title='bbox 1203 1221 1371 1299; x_wconf 86' lang='lat' dir='ltr'>butherana,</span> 
     </span>
     <span class='ocr_line' id='line_1_10' title="bbox 115 1325 1372 1406; baseline 0.001 -22"><span class='ocrx_word' id='word_1_82' title='bbox 115 1333 141 1384; x_wconf 91' lang='lat' dir='ltr'>ut</span> <span class='ocrx_word' id='word_1_83' title='bbox 158 1332 268 1385; x_wconf 68' lang='lat' dir='ltr'>mnata</span> <span class='ocrx_word' id='word_1_84' title='bbox 290 1331 458 1403; x_wconf 83' lang='lat' dir='ltr'>pervetusta</span> <span class='ocrx_word' id='word_1_85' title='bbox 480 1333 509 1385; x_wconf 88' lang='lat' dir='ltr'>ct</span> <span class='ocrx_word' id='word_1_86' title='bbox 530 1325 690 1386; x_wconf 87' lang='lat' dir='ltr'>veneranda</span> <span class='ocrx_word' id='word_1_87' title='bbox 714 1325 857 1387; x_wconf 89' lang='lat' dir='ltr'>ecclesiae</span> <span class='ocrx_word' id='word_1_88' title='bbox 881 1326 1086 1388; x_wconf 87' lang='lat' dir='ltr'>consuetudine</span> <span class='ocrx_word' id='word_1_89' title='bbox 1113 1328 1285 1406; x_wconf 85' lang='lat' dir='ltr'>praemissas</span> <span class='ocrx_word' id='word_1_90' title='bbox 1309 1341 1372 1386; x_wconf 90' lang='lat' dir='ltr'>ora·</span> 
     </span>
     <span class='ocr_line' id='line_1_11' title="bbox 115 1427 1372 1509; baseline 0.002 -24"><span class='ocrx_word' id='word_1_91' title='bbox 115 1429 198 1488; x_wconf 83' lang='lat' dir='ltr'>tiones</span> <span class='ocrx_word' id='word_1_92' title='bbox 212 1436 244 1488; x_wconf 88' lang='lat' dir='ltr'>et</span> <span class='ocrx_word' id='word_1_93' title='bbox 264 1429 374 1487; x_wconf 87' lang='lat' dir='ltr'>cantica</span> <span class='ocrx_word' id='word_1_94' title='bbox 397 1443 478 1487; x_wconf 87' lang='lat' dir='ltr'>sacra</span> <span class='ocrx_word' id='word_1_95' title='bbox 498 1435 527 1487; x_wconf 91' lang='lat' dir='ltr'>et</span> <span class='ocrx_word' id='word_1_96' title='bbox 549 1445 709 1488; x_wconf 90' lang='lat' dir='ltr'>sermonem</span> <span class='ocrx_word' id='word_1_97' title='bbox 725 1431 850 1509; x_wconf 89' lang='lat' dir='ltr'>excipiat</span> <span class='ocrx_word' id='word_1_98' title='bbox 865 1430 1050 1507; x_wconf 73' lang='lat' dir='ltr'>eucharistia,</span> <span class='ocrx_word' id='word_1_99' title='bbox 1073 1431 1267 1508; x_wconf 87' lang='lat' dir='ltr'>cuiuscunque</span> <span class='ocrx_word' id='word_1_100' title='bbox 1284 1427 1372 1489; x_wconf 88' lang='lat' dir='ltr'>oiticii</span> 
     </span>
     <span class='ocr_line' id='line_1_12' title="bbox 115 1528 1372 1611; baseline 0.001 -21"><span class='ocrx_word' id='word_1_101' title='bbox 115 1528 282 1590; x_wconf 87' lang='lat' dir='ltr'>dominicalis</span> <span class='ocrx_word' id='word_1_102' title='bbox 304 1547 340 1589; x_wconf 90' lang='lat' dir='ltr'>ac</span> <span class='ocrx_word' id='word_1_103' title='bbox 362 1528 456 1589; x_wconf 76' lang='lat' dir='ltr'>festivi</span> <span class='ocrx_word' id='word_1_104' title='bbox 477 1528 588 1591; x_wconf 90' lang='lat' dir='ltr'>culmen</span> <span class='ocrx_word' id='word_1_105' title='bbox 607 1540 636 1591; x_wconf 92' lang='lat' dir='ltr'>et</span> <span class='ocrx_word' id='word_1_106' title='bbox 658 1550 741 1610; x_wconf 84' lang='lat' dir='ltr'>apex.</span> <span class='ocrx_word' id='word_1_107' title='bbox 787 1530 874 1610; x_wconf 89' lang='lat' dir='ltr'>Optat</span> <span class='ocrx_word' id='word_1_108' title='bbox 904 1531 1044 1609; x_wconf 91' lang='lat' dir='ltr'>ecclesia,</span> <span class='ocrx_word' id='word_1_109' title='bbox 1075 1540 1106 1592; x_wconf 93' lang='lat' dir='ltr'>ut</span> <span class='ocrx_word' id='word_1_110' title='bbox 1133 1549 1248 1611; x_wconf 84' lang='lat' dir='ltr'>semper</span> <span class='ocrx_word' id='word_1_111' title='bbox 1269 1529 1372 1608; x_wconf 79' lang='lat' dir='ltr'>adsint,</span> 
     </span>
     <span class='ocr_line' id='line_1_13' title="bbox 115 1631 1372 1713; baseline 0 -20"><span class='ocrx_word' id='word_1_112' title='bbox 115 1634 154 1712; x_wconf 78' lang='lat' dir='ltr'>qui</span> <span class='ocrx_word' id='word_1_113' title='bbox 174 1631 317 1693; x_wconf 88' lang='lat' dir='ltr'>accedere</span> <span class='ocrx_word' id='word_1_114' title='bbox 338 1631 427 1693; x_wconf 88' lang='lat' dir='ltr'>velint</span> <span class='ocrx_word' id='word_1_115' title='bbox 449 1632 484 1693; x_wconf 90' lang='lat' dir='ltr'>ad</span> <span class='ocrx_word' id='word_1_116' title='bbox 505 1651 623 1695; x_wconf 87' lang='lat' dir='ltr'>coenam</span> <span class='ocrx_word' id='word_1_117' title='bbox 635 1633 764 1695; x_wconf 88' lang='lat' dir='ltr'>Domini:</span> <span class='ocrx_word' id='word_1_118' title='bbox 784 1635 828 1694; x_wconf 91' lang='lat' dir='ltr'>sin</span> <span class='ocrx_word' id='word_1_119' title='bbox 842 1636 934 1694; x_wconf 91' lang='lat' dir='ltr'>minus</span> <span class='ocrx_word' id='word_1_120' title='bbox 949 1633 1057 1713; x_wconf 79' lang='lat' dir='ltr'>plangit</span> <span class='ocrx_word' id='word_1_121' title='bbox 1072 1652 1106 1695; x_wconf 96' lang='lat' dir='ltr'>ac</span> <span class='ocrx_word' id='word_1_122' title='bbox 1120 1634 1247 1695; x_wconf 88' lang='lat' dir='ltr'>hortatur</span> <span class='ocrx_word' id='word_1_123' title='bbox 1261 1633 1372 1711; x_wconf 82' lang='lat' dir='ltr'>fideles,</span> 
     </span>
     <span class='ocr_line' id='line_1_14' title="bbox 114 1735 1374 1814; baseline 0.001 -19"><span class='ocrx_word' id='word_1_124' title='bbox 114 1745 138 1795; x_wconf 89' lang='lat' dir='ltr'>nt</span> <span class='ocrx_word' id='word_1_125' title='bbox 163 1735 322 1795; x_wconf 77' lang='lat' dir='ltr'>ferventius</span> <span class='ocrx_word' id='word_1_126' title='bbox 354 1749 456 1812; x_wconf 92' lang='lat' dir='ltr'>panem</span> <span class='ocrx_word' id='word_1_127' title='bbox 488 1744 517 1794; x_wconf 86' lang='lat' dir='ltr'>et</span> <span class='ocrx_word' id='word_1_128' title='bbox 543 1735 678 1814; x_wconf 93' lang='lat' dir='ltr'>poculum</span> <span class='ocrx_word' id='word_1_129' title='bbox 703 1739 779 1797; x_wconf 84' lang='lat' dir='ltr'>vitae</span> <span class='ocrx_word' id='word_1_130' title='bbox 809 1736 980 1797; x_wconf 87' lang='lat' dir='ltr'>desiderent.</span> <span class='ocrx_word' id='word_1_131' title='bbox 1024 1735 1087 1798; x_wconf 80' lang='lat' dir='ltr'>Alia</span> <span class='ocrx_word' id='word_1_132' title='bbox 1116 1738 1321 1798; x_wconf 88' lang='lat' dir='ltr'>constituerunt</span> <span class='ocrx_word' id='word_1_133' title='bbox 1344 1745 1374 1796; x_wconf 90' lang='lat' dir='ltr'>et</span> 
     </span>
     <span class='ocr_line' id='line_1_15' title="bbox 114 1836 1374 1920; baseline 0.002 -23"><span class='ocrx_word' id='word_1_134' title='bbox 114 1838 293 1899; x_wconf 83' lang='lat' dir='ltr'>decreverunt</span> <span class='ocrx_word' id='word_1_135' title='bbox 315 1836 482 1898; x_wconf 82' lang='lat' dir='ltr'>licionnati.</span> <span class='ocrx_word' id='word_1_136' title='bbox 526 1838 564 1899; x_wconf 88' lang='lat' dir='ltr'>Ut</span> <span class='ocrx_word' id='word_1_137' title='bbox 583 1841 800 1918; x_wconf 89' lang='lat' dir='ltr'>praetermittam</span> <span class='ocrx_word' id='word_1_138' title='bbox 826 1838 1011 1920; x_wconf 89' lang='lat' dir='ltr'>quodminus</span> <span class='ocrx_word' id='word_1_139' title='bbox 1033 1839 1196 1900; x_wconf 82' lang='lat' dir='ltr'>verecunde</span> <span class='ocrx_word' id='word_1_140' title='bbox 1218 1849 1248 1900; x_wconf 92' lang='lat' dir='ltr'>et</span> <span class='ocrx_word' id='word_1_141' title='bbox 1269 1839 1374 1901; x_wconf 86' lang='lat' dir='ltr'>devote</span> 
     </span>
     <span class='ocr_line' id='line_1_16' title="bbox 114 1939 1375 2019; baseline 0.001 -19"><span class='ocrx_word' id='word_1_142' title='bbox 114 1939 144 2000; x_wconf 87' lang='lat' dir='ltr'>le</span> <span class='ocrx_word' id='word_1_143' title='bbox 162 1948 344 2001; x_wconf 77' lang='lat' dir='ltr'>samamento</span> <span class='ocrx_word' id='word_1_144' title='bbox 364 1939 463 2000; x_wconf 88' lang='lat' dir='ltr'>altaris</span> <span class='ocrx_word' id='word_1_145' title='bbox 483 1941 622 2019; x_wconf 91' lang='lat' dir='ltr'>sentiunt,</span> <span class='ocrx_word' id='word_1_146' title='bbox 651 1960 767 2003; x_wconf 90' lang='lat' dir='ltr'>caenam</span> <span class='ocrx_word' id='word_1_147' title='bbox 786 1959 895 2003; x_wconf 90' lang='lat' dir='ltr'>sacram</span> <span class='ocrx_word' id='word_1_148' title='bbox 914 1944 1004 2003; x_wconf 88' lang='lat' dir='ltr'>rarius</span> <span class='ocrx_word' id='word_1_149' title='bbox 1027 1941 1227 2003; x_wconf 81' lang='lat' dir='ltr'>celebrandam</span> <span class='ocrx_word' id='word_1_150' title='bbox 1247 1960 1315 2003; x_wconf 91' lang='lat' dir='ltr'>csse</span> <span class='ocrx_word' id='word_1_151' title='bbox 1333 1941 1375 2001; x_wconf 95' lang='lat' dir='ltr'>di·</span> 
     </span>
     <span class='ocr_line' id='line_1_17' title="bbox 114 2039 1375 2124; baseline 0 -21"><span class='ocrx_word' id='word_1_152' title='bbox 114 2053 178 2103; x_wconf 85' lang='lat' dir='ltr'>cunt.</span> <span class='ocrx_word' id='word_1_153' title='bbox 223 2039 326 2121; x_wconf 86' lang='lat' dir='ltr'>ltaque</span> <span class='ocrx_word' id='word_1_154' title='bbox 347 2039 423 2120; x_wconf 90' lang='lat' dir='ltr'>apud</span> <span class='ocrx_word' id='word_1_155' title='bbox 445 2040 517 2102; x_wconf 84' lang='lat' dir='ltr'>alios</span> <span class='ocrx_word' id='word_1_156' title='bbox 538 2043 628 2103; x_wconf 89' lang='lat' dir='ltr'>semel</span> <span class='ocrx_word' id='word_1_157' title='bbox 649 2061 701 2122; x_wconf 90' lang='lat' dir='ltr'>per</span> <span class='ocrx_word' id='word_1_158' title='bbox 718 2063 861 2122; x_wconf 92' lang='lat' dir='ltr'>mensem,</span> <span class='ocrx_word' id='word_1_159' title='bbox 891 2044 965 2124; x_wconf 93' lang='lat' dir='ltr'>apud</span> <span class='ocrx_word' id='word_1_160' title='bbox 985 2043 1122 2123; x_wconf 88' lang='lat' dir='ltr'>plurimos</span> <span class='ocrx_word' id='word_1_161' title='bbox 1143 2054 1187 2106; x_wconf 92' lang='lat' dir='ltr'>ter</span> <span class='ocrx_word' id='word_1_162' title='bbox 1204 2042 1253 2104; x_wconf 83' lang='lat' dir='ltr'>uel</span> <span class='ocrx_word' id='word_1_163' title='bbox 1275 2052 1375 2123; x_wconf 87' lang='lat' dir='ltr'>quater</span> 
     </span>
     <span class='ocr_line' id='line_1_18' title="bbox 114 2143 1374 2226; baseline -0.001 -19"><span class='ocrx_word' id='word_1_164' title='bbox 114 2164 156 2226; x_wconf 89' lang='lat' dir='ltr'>per</span> <span class='ocrx_word' id='word_1_165' title='bbox 175 2163 281 2206; x_wconf 91' lang='lat' dir='ltr'>annum</span> <span class='ocrx_word' id='word_1_166' title='bbox 303 2144 430 2204; x_wconf 88' lang='lat' dir='ltr'>oihcium</span> <span class='ocrx_word' id='word_1_167' title='bbox 449 2143 572 2205; x_wconf 88' lang='lat' dir='ltr'>divinum</span> <span class='ocrx_word' id='word_1_168' title='bbox 594 2147 622 2206; x_wconf 92' lang='lat' dir='ltr'>in</span> <span class='ocrx_word' id='word_1_169' title='bbox 643 2147 772 2209; x_wconf 90' lang='lat' dir='ltr'>coeleste</span> <span class='ocrx_word' id='word_1_170' title='bbox 792 2147 953 2208; x_wconf 81' lang='lat' dir='ltr'>convivium</span> <span class='ocrx_word' id='word_1_171' title='bbox 971 2145 1087 2207; x_wconf 91' lang='lat' dir='ltr'>desinit:</span> <span class='ocrx_word' id='word_1_172' title='bbox 1109 2145 1179 2207; x_wconf 89' lang='lat' dir='ltr'>alias</span> <span class='ocrx_word' id='word_1_173' title='bbox 1193 2146 1273 2206; x_wconf 84' lang='lat' dir='ltr'>uerbi</span> <span class='ocrx_word' id='word_1_174' title='bbox 1289 2145 1374 2207; x_wconf 82' lang='lat' dir='ltr'>diuini</span> 
     </span>
     <span class='ocr_line' id='line_1_19' title="bbox 114 2247 1377 2330; baseline -0.001 -18"><span class='ocrx_word' id='word_1_175' title='bbox 114 2249 282 2329; x_wconf 85' lang='lat' dir='ltr'>praedicatio</span> <span class='ocrx_word' id='word_1_176' title='bbox 301 2257 332 2308; x_wconf 88' lang='lat' dir='ltr'>ct</span> <span class='ocrx_word' id='word_1_177' title='bbox 352 2249 443 2308; x_wconf 91' lang='lat' dir='ltr'>oratio</span> <span class='ocrx_word' id='word_1_178' title='bbox 462 2247 576 2327; x_wconf 89' lang='lat' dir='ltr'>publica</span> <span class='ocrx_word' id='word_1_179' title='bbox 597 2249 702 2310; x_wconf 92' lang='lat' dir='ltr'>cultum</span> <span class='ocrx_word' id='word_1_180' title='bbox 717 2250 860 2330; x_wconf 89' lang='lat' dir='ltr'>publicum</span> <span class='ocrx_word' id='word_1_181' title='bbox 883 2251 920 2310; x_wconf 90' lang='lat' dir='ltr'>ita</span> <span class='ocrx_word' id='word_1_182' title='bbox 942 2249 1068 2311; x_wconf 83' lang='lat' dir='ltr'>eliciunt</span> <span class='ocrx_word' id='word_1_183' title='bbox 1089 2258 1175 2329; x_wconf 88' lang='lat' dir='ltr'>atque</span> <span class='ocrx_word' id='word_1_184' title='bbox 1190 2248 1324 2328; x_wconf 91' lang='lat' dir='ltr'>explent,</span> <span class='ocrx_word' id='word_1_185' title='bbox 1346 2256 1377 2311; x_wconf 87' lang='lat' dir='ltr'>ut</span> 
     </span>
     <span class='ocr_line' id='line_1_20' title="bbox 115 2349 1376 2415; baseline 0.002 -3"><span class='ocrx_word' id='word_1_186' title='bbox 115 2369 163 2414; x_wconf 87' lang='lat' dir='ltr'>uon</span> <span class='ocrx_word' id='word_1_187' title='bbox 182 2349 307 2414; x_wconf 84' lang='lat' dir='ltr'>accedat</span> <span class='ocrx_word' id='word_1_188' title='bbox 328 2349 365 2410; x_wconf 89' lang='lat' dir='ltr'>ad</span> <span class='ocrx_word' id='word_1_189' title='bbox 385 2350 502 2411; x_wconf 83' lang='lat' dir='ltr'>verbum</span> <span class='ocrx_word' id='word_1_190' title='bbox 524 2361 737 2413; x_wconf 87' lang='lat' dir='ltr'>sacramentum.</span> <span class='ocrx_word' id='word_1_191' title='bbox 769 2351 853 2415; x_wconf 83' lang='lat' dir='ltr'>Gonl.</span> <span class='ocrx_word' id='word_1_192' title='bbox 869 2351 951 2415; x_wconf 83' lang='lat' dir='ltr'>llelu.</span> <span class='ocrx_word' id='word_1_193' title='bbox 968 2349 997 2412; x_wconf 91' lang='lat'>1.</span> <span class='ocrx_word' id='word_1_194' title='bbox 1014 2350 1050 2413; x_wconf 87' lang='lat' dir='ltr'>N.</span> <span class='ocrx_word' id='word_1_195' title='bbox 1064 2349 1139 2414; x_wconf 73' lang='lat'>121:</span> <span class='ocrx_word' id='word_1_196' title='bbox 1163 2350 1262 2414; x_wconf 79' lang='lat' dir='ltr'>cultus</span> <span class='ocrx_word' id='word_1_197' title='bbox 1277 2368 1376 2414; x_wconf 92' lang='lat' dir='ltr'>sacres</span> 
     </span>
     <span class='ocr_line' id='line_1_21' title="bbox 114 2453 1377 2535; baseline 0.002 -21"><span class='ocrx_word' id='word_1_198' title='bbox 114 2456 150 2514; x_wconf 85' lang='lat' dir='ltr'>sic</span> <span class='ocrx_word' id='word_1_199' title='bbox 172 2453 359 2535; x_wconf 77' lang='lat' dir='ltr'>peragendos</span> <span class='ocrx_word' id='word_1_200' title='bbox 389 2470 457 2513; x_wconf 89' lang='lat' dir='ltr'>esse</span> <span class='ocrx_word' id='word_1_201' title='bbox 483 2471 651 2532; x_wconf 84' lang='lat' dir='ltr'>censemus,</span> <span class='ocrx_word' id='word_1_202' title='bbox 680 2464 711 2515; x_wconf 91' lang='lat' dir='ltr'>ut</span> <span class='ocrx_word' id='word_1_203' title='bbox 740 2466 805 2517; x_wconf 91' lang='lat' dir='ltr'>ante</span> <span class='ocrx_word' id='word_1_204' title='bbox 836 2456 928 2515; x_wconf 90' lang='lat' dir='ltr'>emnia</span> <span class='ocrx_word' id='word_1_205' title='bbox 952 2454 1070 2514; x_wconf 82' lang='lat' dir='ltr'>verbum</span> <span class='ocrx_word' id='word_1_206' title='bbox 1090 2453 1146 2515; x_wconf 89' lang='lat' dir='ltr'>Dei</span> <span class='ocrx_word' id='word_1_207' title='bbox 1174 2455 1202 2514; x_wconf 95' lang='lat' dir='ltr'>in</span> <span class='ocrx_word' id='word_1_208' title='bbox 1233 2453 1377 2534; x_wconf 86' lang='lat' dir='ltr'>publicum</span> 
     </span>
     <span class='ocr_line' id='line_1_22' title="bbox 114 2555 1377 2637; baseline 0.001 -20"><span class='ocrx_word' id='word_1_209' title='bbox 114 2557 183 2636; x_wconf 87' lang='lat' dir='ltr'>plebi</span> <span class='ocrx_word' id='word_1_210' title='bbox 204 2555 337 2637; x_wconf 87' lang='lat' dir='ltr'>quotidie</span> <span class='ocrx_word' id='word_1_211' title='bbox 358 2565 548 2634; x_wconf 89' lang='lat' dir='ltr'>proponatur,</span> <span class='ocrx_word' id='word_1_212' title='bbox 576 2558 733 2637; x_wconf 86' lang='lat' dir='ltr'>scripturae</span> <span class='ocrx_word' id='word_1_213' title='bbox 756 2557 849 2619; x_wconf 90' lang='lat' dir='ltr'>abdita</span> <span class='ocrx_word' id='word_1_214' title='bbox 871 2575 924 2637; x_wconf 92' lang='lat' dir='ltr'>per</span> <span class='ocrx_word' id='word_1_215' title='bbox 946 2556 1067 2618; x_wconf 89' lang='lat' dir='ltr'>idoneos</span> <span class='ocrx_word' id='word_1_216' title='bbox 1088 2557 1232 2618; x_wconf 87' lang='lat' dir='ltr'>ministros</span> <span class='ocrx_word' id='word_1_217' title='bbox 1248 2556 1377 2636; x_wconf 88' lang='lat' dir='ltr'>quotidie</span> 
     </span>
     <span class='ocr_line' id='line_1_23' title="bbox 114 2656 1377 2738; baseline 0.002 -19"><span class='ocrx_word' id='word_1_218' title='bbox 114 2669 241 2720; x_wconf 87' lang='lat' dir='ltr'>emantur</span> <span class='ocrx_word' id='word_1_219' title='bbox 263 2657 527 2737; x_wconf 79' lang='lat' dir='ltr'>edisserantnrque:</span> <span class='ocrx_word' id='word_1_220' title='bbox 544 2671 628 2719; x_wconf 69' lang='lat' dir='ltr'>&#39;sacra</span> <span class='ocrx_word' id='word_1_221' title='bbox 643 2658 803 2721; x_wconf 87' lang='lat' dir='ltr'>Enchristia</span> <span class='ocrx_word' id='word_1_222' title='bbox 819 2656 988 2719; x_wconf 90' lang='lat' dir='ltr'>celebranda</span> <span class='ocrx_word' id='word_1_223' title='bbox 1005 2661 1117 2738; x_wconf 92' lang='lat' dir='ltr'>piorum</span> <span class='ocrx_word' id='word_1_224' title='bbox 1132 2659 1284 2721; x_wconf 90' lang='lat' dir='ltr'>subinde</span> <span class='ocrx_word' id='word_1_225' title='bbox 1304 2659 1377 2721; x_wconf 89' lang='lat' dir='ltr'>iides</span> 
     </span>
     <span class='ocr_line' id='line_1_24' title="bbox 115 2759 1365 2840; baseline -0.001 -16"><span class='ocrx_word' id='word_1_226' title='bbox 115 2768 293 2836; x_wconf 77' lang='lat' dir='ltr'>exerceatur,</span> <span class='ocrx_word' id='word_1_227' title='bbox 318 2761 474 2837; x_wconf 89' lang='lat' dir='ltr'>precationi</span> <span class='ocrx_word' id='word_1_228' title='bbox 497 2778 550 2840; x_wconf 87' lang='lat' dir='ltr'>pro</span> <span class='ocrx_word' id='word_1_229' title='bbox 574 2761 704 2822; x_wconf 90' lang='lat' dir='ltr'>omnibus</span> <span class='ocrx_word' id='word_1_230' title='bbox 727 2764 849 2823; x_wconf 87' lang='lat' dir='ltr'>omnium</span> <span class='ocrx_word' id='word_1_231' title='bbox 869 2760 1089 2821; x_wconf 90' lang='lat' dir='ltr'>necessitatibus</span> <span class='ocrx_word' id='word_1_232' title='bbox 1106 2759 1220 2822; x_wconf 90' lang='lat' dir='ltr'>assidue</span> <span class='ocrx_word' id='word_1_233' title='bbox 1239 2762 1365 2824; x_wconf 91' lang='lat' dir='ltr'>instetur.</span> 
     </span>
    </p>
   </div>
   <div class='ocr_carea' id='block_1_2' title="bbox 192 2859 1377 2944">
    <p class='ocr_par' dir='ltr' id='par_1_3' title="bbox 192 2859 1377 2944">
     <span class='ocr_line' id='line_1_25' title="bbox 192 2859 1377 2944; baseline 0.001 -20"><span class='ocrx_word' id='word_1_234' title='bbox 192 2861 281 2939; x_wconf 81' lang='lat' dir='ltr'>Quod</span> <span class='ocrx_word' id='word_1_235' title='bbox 308 2859 512 2940; x_wconf 83' lang='lat' dir='ltr'>disputavimus</span> <span class='ocrx_word' id='word_1_236' title='bbox 539 2864 761 2944; x_wconf 89' lang='lat' dir='ltr'>complectamur</span> <span class='ocrx_word' id='word_1_237' title='bbox 786 2863 912 2925; x_wconf 89' lang='lat' dir='ltr'>breviter</span> <span class='ocrx_word' id='word_1_238' title='bbox 938 2870 967 2922; x_wconf 88' lang='lat' dir='ltr'>et</span> <span class='ocrx_word' id='word_1_239' title='bbox 993 2861 1134 2923; x_wconf 91' lang='lat' dir='ltr'>absolute.</span> <span class='ocrx_word' id='word_1_240' title='bbox 1178 2861 1269 2924; x_wconf 91' lang='lat' dir='ltr'>Nebis</span> <span class='ocrx_word' id='word_1_241' title='bbox 1298 2872 1377 2925; x_wconf 89' lang='lat' dir='ltr'>extra</span> 
     </span>
    </p>
   </div>
   <div class='ocr_carea' id='block_1_3' title="bbox 114 3123 1385 4583">
    <p class='ocr_par' dir='ltr' id='par_1_4' title="bbox 114 3123 1381 3371">
     <span class='ocr_line' id='line_1_26' title="bbox 114 3123 1380 3199; baseline -0.002 -13"><span class='ocrx_word' id='word_1_242' title='bbox 114 3127 293 3199; x_wconf 83' lang='lat' dir='ltr'>lleuscbheit,</span> <span class='ocrx_word' id='word_1_243' title='bbox 315 3141 373 3183; x_wconf 87' lang='lat' dir='ltr'>was</span> <span class='ocrx_word' id='word_1_244' title='bbox 390 3123 426 3179; x_wconf 87' lang='lat' dir='ltr'>ist</span> <span class='ocrx_word' id='word_1_245' title='bbox 445 3123 511 3179; x_wconf 86' lang='lat' dir='ltr'>aber</span> <span class='ocrx_word' id='word_1_246' title='bbox 527 3125 594 3180; x_wconf 90' lang='lat' dir='ltr'>auch</span> <span class='ocrx_word' id='word_1_247' title='bbox 616 3125 665 3183; x_wconf 92' lang='lat' dir='ltr'>der</span> <span class='ocrx_word' id='word_1_248' title='bbox 680 3126 764 3184; x_wconf 85' lang='lat' dir='ltr'>liunst</span> <span class='ocrx_word' id='word_1_249' title='bbox 783 3126 864 3184; x_wconf 91' lang='lat' dir='ltr'>allein</span> <span class='ocrx_word' id='word_1_250' title='bbox 886 3125 1006 3182; x_wconf 88' lang='lat' dir='ltr'>dadureb</span> <span class='ocrx_word' id='word_1_251' title='bbox 1026 3123 1170 3194; x_wconf 77' lang='lat' dir='ltr'>gegeben,</span> <span class='ocrx_word' id='word_1_252' title='bbox 1194 3124 1257 3181; x_wconf 84' lang='lat' dir='ltr'>dass</span> <span class='ocrx_word' id='word_1_253' title='bbox 1273 3124 1315 3181; x_wconf 92' lang='lat' dir='ltr'>sie</span> <span class='ocrx_word' id='word_1_254' title='bbox 1331 3125 1380 3183; x_wconf 87' lang='lat' dir='ltr'>das</span> 
     </span>
     <span class='ocr_line' id='line_1_27' title="bbox 116 3209 1381 3284; baseline -0.002 -12"><span class='ocrx_word' id='word_1_255' title='bbox 116 3214 170 3272; x_wconf 83' lang='lat' dir='ltr'>titd</span> <span class='ocrx_word' id='word_1_256' title='bbox 186 3215 265 3271; x_wconf 90' lang='lat' dir='ltr'>eines</span> <span class='ocrx_word' id='word_1_257' title='bbox 287 3211 486 3284; x_wconf 78' lang='lat' dir='ltr'>gekrcusigten</span> <span class='ocrx_word' id='word_1_258' title='bbox 509 3210 631 3267; x_wconf 84' lang='lat' dir='ltr'>Christus</span> <span class='ocrx_word' id='word_1_259' title='bbox 649 3213 696 3268; x_wconf 87' lang='lat' dir='ltr'>hat</span> <span class='ocrx_word' id='word_1_260' title='bbox 721 3246 756 3254; x_wconf 92' lang='lat'><strong>—</strong></span> <span class='ocrx_word' id='word_1_261' title='bbox 783 3213 826 3269; x_wconf 90' lang='lat' dir='ltr'>ein</span> <span class='ocrx_word' id='word_1_262' title='bbox 850 3213 962 3268; x_wconf 89' lang='lat' dir='ltr'>solches</span> <span class='ocrx_word' id='word_1_263' title='bbox 985 3209 1079 3267; x_wconf 90' lang='lat' dir='ltr'>Urbild</span> <span class='ocrx_word' id='word_1_264' title='bbox 1098 3211 1148 3266; x_wconf 93' lang='lat' dir='ltr'>der</span> <span class='ocrx_word' id='word_1_265' title='bbox 1163 3211 1261 3267; x_wconf 88' lang='lat' dir='ltr'>lleheit</span> <span class='ocrx_word' id='word_1_266' title='bbox 1281 3210 1308 3267; x_wconf 90' lang='lat' dir='ltr'>in</span> <span class='ocrx_word' id='word_1_267' title='bbox 1331 3213 1381 3269; x_wconf 90' lang='lat' dir='ltr'>der</span> 
     </span>
     <span class='ocr_line' id='line_1_28' title="bbox 117 3295 1301 3371; baseline -0.005 -13"><span class='ocrx_word' id='word_1_268' title='bbox 117 3299 352 3371; x_wconf 76' lang='lat' dir='ltr'>llnechtsgestalt,</span> <span class='ocrx_word' id='word_1_269' title='bbox 373 3297 399 3351; x_wconf 93' lang='lat' dir='ltr'>in</span> <span class='ocrx_word' id='word_1_270' title='bbox 415 3295 514 3352; x_wconf 85' lang='lat' dir='ltr'>dassen</span> <span class='ocrx_word' id='word_1_271' title='bbox 532 3297 788 3356; x_wconf 82' lang='lat' dir='ltr'>widerstrcitendcn</span> <span class='ocrx_word' id='word_1_272' title='bbox 803 3300 896 3369; x_wconf 81' lang='lat' dir='ltr'>ngen</span> <span class='ocrx_word' id='word_1_273' title='bbox 914 3298 972 3355; x_wconf 89' lang='lat' dir='ltr'>sich</span> <span class='ocrx_word' id='word_1_274' title='bbox 988 3297 1037 3352; x_wconf 87' lang='lat' dir='ltr'>das</span> <span class='ocrx_word' id='word_1_275' title='bbox 1053 3296 1172 3353; x_wconf 82' lang='lat' dir='ltr'>llbcbstc</span> <span class='ocrx_word' id='word_1_276' title='bbox 1188 3297 1301 3354; x_wconf 89' lang='lat' dir='ltr'>vereint.</span> 
     </span>
    </p>

    <p class='ocr_par' dir='ltr' id='par_1_5' title="bbox 116 3382 1385 4583">
     <span class='ocr_line' id='line_1_29' title="bbox 199 3382 1382 3463; baseline -0.001 -22"><span class='ocrx_word' id='word_1_277' title='bbox 199 3384 230 3463; x_wconf 87' lang='lat' dir='ltr'>l)</span> <span class='ocrx_word' id='word_1_278' title='bbox 252 3384 332 3441; x_wconf 77' lang='lat' dir='ltr'>Aliud</span> <span class='ocrx_word' id='word_1_279' title='bbox 358 3383 516 3455; x_wconf 88' lang='lat' dir='ltr'>quidnobis</span> <span class='ocrx_word' id='word_1_280' title='bbox 539 3383 710 3440; x_wconf 89' lang='lat' dir='ltr'>commendat</span> <span class='ocrx_word' id='word_1_281' title='bbox 733 3393 806 3442; x_wconf 87' lang='lat' dir='ltr'>artes</span> <span class='ocrx_word' id='word_1_282' title='bbox 832 3385 870 3441; x_wconf 91' lang='lat' dir='ltr'>uti</span> <span class='ocrx_word' id='word_1_283' title='bbox 894 3385 981 3440; x_wconf 85' lang='lat' dir='ltr'>cultas</span> <span class='ocrx_word' id='word_1_284' title='bbox 1002 3382 1085 3438; x_wconf 78' lang='lat' dir='ltr'>divini</span> <span class='ocrx_word' id='word_1_285' title='bbox 1107 3384 1269 3440; x_wconf 88' lang='lat' dir='ltr'>ornatrices.</span> <span class='ocrx_word' id='word_1_286' title='bbox 1315 3383 1382 3440; x_wconf 87' lang='lat' dir='ltr'>Sunt</span> 
     </span>
     <span class='ocr_line' id='line_1_30' title="bbox 117 3468 1382 3540; baseline -0.006 -9"><span class='ocrx_word' id='word_1_287' title='bbox 117 3474 183 3531; x_wconf 84' lang='lat' dir='ltr'>enim</span> <span class='ocrx_word' id='word_1_288' title='bbox 199 3473 272 3529; x_wconf 90' lang='lat' dir='ltr'>dona</span> <span class='ocrx_word' id='word_1_289' title='bbox 287 3471 336 3527; x_wconf 86' lang='lat' dir='ltr'>Dei</span> <span class='ocrx_word' id='word_1_290' title='bbox 352 3475 405 3525; x_wconf 69' lang='lat' dir='ltr'>mm</span> <span class='ocrx_word' id='word_1_291' title='bbox 421 3468 573 3540; x_wconf 88' lang='lat' dir='ltr'>praeclara,</span> <span class='ocrx_word' id='word_1_292' title='bbox 591 3477 644 3526; x_wconf 90' lang='lat' dir='ltr'>tam</span> <span class='ocrx_word' id='word_1_293' title='bbox 659 3471 788 3528; x_wconf 86' lang='lat' dir='ltr'>ellicaces</span> <span class='ocrx_word' id='word_1_294' title='bbox 802 3477 864 3527; x_wconf 88' lang='lat' dir='ltr'>sunt</span> <span class='ocrx_word' id='word_1_295' title='bbox 886 3469 920 3525; x_wconf 93' lang='lat' dir='ltr'>ad</span> <span class='ocrx_word' id='word_1_296' title='bbox 942 3474 1045 3526; x_wconf 87' lang='lat' dir='ltr'>mentes</span> <span class='ocrx_word' id='word_1_297' title='bbox 1061 3470 1197 3526; x_wconf 90' lang='lat' dir='ltr'>bominum</span> <span class='ocrx_word' id='word_1_298' title='bbox 1210 3469 1323 3527; x_wconf 88' lang='lat' dir='ltr'>sublime</span> <span class='ocrx_word' id='word_1_299' title='bbox 1340 3470 1382 3525; x_wconf 83' lang='lat' dir='ltr'>ie·</span> 
     </span>
     <span class='ocr_line' id='line_1_31' title="bbox 118 3554 1383 3630; baseline -0.003 -14"><span class='ocrx_word' id='word_1_300' title='bbox 118 3560 214 3618; x_wconf 86' lang='lat' dir='ltr'>rendae</span> <span class='ocrx_word' id='word_1_301' title='bbox 229 3575 263 3614; x_wconf 87' lang='lat' dir='ltr'>ac</span> <span class='ocrx_word' id='word_1_302' title='bbox 282 3554 460 3614; x_wconf 86' lang='lat' dir='ltr'>saluberrima</span> <span class='ocrx_word' id='word_1_303' title='bbox 475 3555 600 3612; x_wconf 90' lang='lat' dir='ltr'>doctrina</span> <span class='ocrx_word' id='word_1_304' title='bbox 616 3557 796 3627; x_wconf 87' lang='lat' dir='ltr'>excolendas,</span> <span class='ocrx_word' id='word_1_305' title='bbox 818 3563 845 3612; x_wconf 93' lang='lat' dir='ltr'>ut</span> <span class='ocrx_word' id='word_1_306' title='bbox 858 3556 987 3629; x_wconf 85' lang='lat' dir='ltr'>prolecto</span> <span class='ocrx_word' id='word_1_307' title='bbox 1003 3554 1127 3612; x_wconf 86' lang='lat' dir='ltr'>omuibus</span> <span class='ocrx_word' id='word_1_308' title='bbox 1142 3556 1221 3614; x_wconf 88' lang='lat' dir='ltr'>bonis</span> <span class='ocrx_word' id='word_1_309' title='bbox 1235 3554 1383 3630; x_wconf 83' lang='lat' dir='ltr'>optandum</span> 
     </span>
     <span class='ocr_line' id='line_1_32' title="bbox 117 3641 1381 3719; baseline -0.006 -14"><span class='ocrx_word' id='word_1_310' title='bbox 117 3647 163 3717; x_wconf 88' lang='lat' dir='ltr'>sit,</span> <span class='ocrx_word' id='word_1_311' title='bbox 180 3664 216 3703; x_wconf 90' lang='lat' dir='ltr'>ne</span> <span class='ocrx_word' id='word_1_312' title='bbox 236 3644 296 3719; x_wconf 87' lang='lat' dir='ltr'>quis</span> <span class='ocrx_word' id='word_1_313' title='bbox 311 3645 344 3700; x_wconf 92' lang='lat' dir='ltr'>ab</span> <span class='ocrx_word' id='word_1_314' title='bbox 360 3641 453 3698; x_wconf 88' lang='lat' dir='ltr'>divine</span> <span class='ocrx_word' id='word_1_315' title='bbox 468 3642 564 3698; x_wconf 88' lang='lat' dir='ltr'>artium</span> <span class='ocrx_word' id='word_1_316' title='bbox 587 3643 746 3714; x_wconf 76' lang='lat' dir='ltr'>magisterio</span> <span class='ocrx_word' id='word_1_317' title='bbox 767 3643 954 3717; x_wconf 82' lang='lat' dir='ltr'>prohibeatur.</span> <span class='ocrx_word' id='word_1_318' title='bbox 997 3641 1097 3698; x_wconf 84' lang='lat' dir='ltr'>Tamen</span> <span class='ocrx_word' id='word_1_319' title='bbox 1121 3658 1179 3698; x_wconf 94' lang='lat' dir='ltr'>cum</span> <span class='ocrx_word' id='word_1_320' title='bbox 1200 3641 1291 3712; x_wconf 82' lang='lat' dir='ltr'>magui</span> <span class='ocrx_word' id='word_1_321' title='bbox 1308 3658 1381 3699; x_wconf 84' lang='lat' dir='ltr'>suna·</span> 
     </span>
     <span class='ocr_line' id='line_1_33' title="bbox 117 3726 1382 3807; baseline -0.004 -17"><span class='ocrx_word' id='word_1_322' title='bbox 117 3739 175 3807; x_wconf 87' lang='lat' dir='ltr'>ptus</span> <span class='ocrx_word' id='word_1_323' title='bbox 190 3731 218 3788; x_wconf 92' lang='lat' dir='ltr'>in</span> <span class='ocrx_word' id='word_1_324' title='bbox 234 3737 308 3786; x_wconf 82' lang='lat' dir='ltr'>artes</span> <span class='ocrx_word' id='word_1_325' title='bbox 323 3726 473 3785; x_wconf 83' lang='lat' dir='ltr'>insumendi</span> <span class='ocrx_word' id='word_1_326' title='bbox 488 3736 560 3800; x_wconf 90' lang='lat' dir='ltr'>sunt,</span> <span class='ocrx_word' id='word_1_327' title='bbox 580 3731 743 3803; x_wconf 88' lang='lat' dir='ltr'>paupercula</span> <span class='ocrx_word' id='word_1_328' title='bbox 761 3730 840 3803; x_wconf 89' lang='lat' dir='ltr'>plebs</span> <span class='ocrx_word' id='word_1_329' title='bbox 856 3735 980 3800; x_wconf 77' lang='lat' dir='ltr'>egestate</span> <span class='ocrx_word' id='word_1_330' title='bbox 994 3726 1206 3784; x_wconf 88' lang='lat' dir='ltr'>etmendicitate</span> <span class='ocrx_word' id='word_1_331' title='bbox 1222 3742 1269 3783; x_wconf 88' lang='lat' dir='ltr'>sua</span> <span class='ocrx_word' id='word_1_332' title='bbox 1285 3736 1382 3785; x_wconf 84' lang='lat' dir='ltr'>vexata</span> 
     </span>
     <span class='ocr_line' id='line_1_34' title="bbox 116 3812 1383 3889; baseline -0.005 -12"><span class='ocrx_word' id='word_1_333' title='bbox 116 3836 216 3877; x_wconf 80' lang='lat' dir='ltr'>summa</span> <span class='ocrx_word' id='word_1_334' title='bbox 238 3814 331 3888; x_wconf 86' lang='lat' dir='ltr'>inopia</span> <span class='ocrx_word' id='word_1_335' title='bbox 350 3820 458 3870; x_wconf 88' lang='lat' dir='ltr'>arcetur</span> <span class='ocrx_word' id='word_1_336' title='bbox 479 3814 513 3869; x_wconf 93' lang='lat' dir='ltr'>ab</span> <span class='ocrx_word' id='word_1_337' title='bbox 534 3815 575 3871; x_wconf 87' lang='lat' dir='ltr'>his</span> <span class='ocrx_word' id='word_1_338' title='bbox 595 3815 675 3872; x_wconf 89' lang='lat' dir='ltr'>laetis</span> <span class='ocrx_word' id='word_1_339' title='bbox 693 3823 773 3889; x_wconf 89' lang='lat' dir='ltr'>atque</span> <span class='ocrx_word' id='word_1_340' title='bbox 794 3815 922 3872; x_wconf 84' lang='lat' dir='ltr'>uberibus</span> <span class='ocrx_word' id='word_1_341' title='bbox 945 3814 1040 3871; x_wconf 89' lang='lat' dir='ltr'>artium</span> <span class='ocrx_word' id='word_1_342' title='bbox 1057 3812 1197 3871; x_wconf 77' lang='lat' dir='ltr'>fructibus.</span> <span class='ocrx_word' id='word_1_343' title='bbox 1226 3812 1297 3870; x_wconf 89' lang='lat' dir='ltr'>Nihil</span> <span class='ocrx_word' id='word_1_344' title='bbox 1312 3813 1383 3888; x_wconf 91' lang='lat' dir='ltr'>apud</span> 
     </span>
     <span class='ocr_line' id='line_1_35' title="bbox 116 3897 1384 3975; baseline -0.006 -11"><span class='ocrx_word' id='word_1_345' title='bbox 116 3906 165 3964; x_wconf 85' lang='lat' dir='ltr'>hos</span> <span class='ocrx_word' id='word_1_346' title='bbox 180 3905 300 3962; x_wconf 86' lang='lat' dir='ltr'>miseros</span> <span class='ocrx_word' id='word_1_347' title='bbox 315 3901 439 3958; x_wconf 87' lang='lat' dir='ltr'>homines</span> <span class='ocrx_word' id='word_1_348' title='bbox 453 3900 570 3971; x_wconf 87' lang='lat' dir='ltr'>lautum,</span> <span class='ocrx_word' id='word_1_349' title='bbox 594 3901 658 3957; x_wconf 92' lang='lat' dir='ltr'>nibil</span> <span class='ocrx_word' id='word_1_350' title='bbox 677 3902 808 3973; x_wconf 83' lang='lat' dir='ltr'>elegans,</span> <span class='ocrx_word' id='word_1_351' title='bbox 827 3901 891 3957; x_wconf 89' lang='lat' dir='ltr'>nihil</span> <span class='ocrx_word' id='word_1_352' title='bbox 911 3900 1080 3974; x_wconf 83' lang='lat' dir='ltr'>exquisitum.</span> <span class='ocrx_word' id='word_1_353' title='bbox 1111 3897 1249 3971; x_wconf 85' lang='lat' dir='ltr'>Nunquam</span> <span class='ocrx_word' id='word_1_354' title='bbox 1272 3901 1384 3975; x_wconf 89' lang='lat' dir='ltr'>conspi-</span> 
     </span>
     <span class='ocr_line' id='line_1_36' title="bbox 117 3983 1385 4063; baseline -0.003 -14"><span class='ocrx_word' id='word_1_355' title='bbox 117 3992 189 4049; x_wconf 82' lang='lat' dir='ltr'>ciunt</span> <span class='ocrx_word' id='word_1_356' title='bbox 212 3987 353 4061; x_wconf 76' lang='lat' dir='ltr'>ingeniosi</span> <span class='ocrx_word' id='word_1_357' title='bbox 375 3987 487 4060; x_wconf 90' lang='lat' dir='ltr'>pictoris</span> <span class='ocrx_word' id='word_1_358' title='bbox 511 3987 646 4060; x_wconf 89' lang='lat' dir='ltr'>tabulam,</span> <span class='ocrx_word' id='word_1_359' title='bbox 671 4004 722 4043; x_wconf 91' lang='lat' dir='ltr'>nec</span> <span class='ocrx_word' id='word_1_360' title='bbox 745 3988 915 4044; x_wconf 88' lang='lat' dir='ltr'>delectantur</span> <span class='ocrx_word' id='word_1_361' title='bbox 938 3986 1014 4044; x_wconf 87' lang='lat' dir='ltr'>sonis</span> <span class='ocrx_word' id='word_1_362' title='bbox 1033 3983 1159 4056; x_wconf 87' lang='lat' dir='ltr'>musicis,</span> <span class='ocrx_word' id='word_1_363' title='bbox 1190 3986 1333 4063; x_wconf 70' lang='lat' dir='ltr'>magnilica</span> <span class='ocrx_word' id='word_1_364' title='bbox 1356 3995 1385 4046; x_wconf 89' lang='lat' dir='ltr'>et</span> 
     </span>
     <span class='ocr_line' id='line_1_37' title="bbox 117 4070 1383 4152; baseline -0.004 -17"><span class='ocrx_word' id='word_1_365' title='bbox 117 4082 273 4152; x_wconf 83' lang='lat' dir='ltr'>sumptuosa</span> <span class='ocrx_word' id='word_1_366' title='bbox 289 4082 348 4131; x_wconf 83' lang='lat' dir='ltr'>arta</span> <span class='ocrx_word' id='word_1_367' title='bbox 364 4073 531 4146; x_wconf 86' lang='lat' dir='ltr'>compositis.</span> <span class='ocrx_word' id='word_1_368' title='bbox 575 4073 634 4131; x_wconf 88' lang='lat' dir='ltr'>Non</span> <span class='ocrx_word' id='word_1_369' title='bbox 650 4073 825 4131; x_wconf 89' lang='lat' dir='ltr'>admittuntur</span> <span class='ocrx_word' id='word_1_370' title='bbox 840 4074 874 4130; x_wconf 89' lang='lat' dir='ltr'>ad</span> <span class='ocrx_word' id='word_1_371' title='bbox 890 4073 966 4131; x_wconf 83' lang='lat' dir='ltr'>aulas</span> <span class='ocrx_word' id='word_1_372' title='bbox 983 4070 1150 4145; x_wconf 88' lang='lat' dir='ltr'>principum,</span> <span class='ocrx_word' id='word_1_373' title='bbox 1176 4089 1243 4129; x_wconf 87' lang='lat' dir='ltr'>auro</span> <span class='ocrx_word' id='word_1_374' title='bbox 1262 4080 1291 4129; x_wconf 87' lang='lat' dir='ltr'>at</span> <span class='ocrx_word' id='word_1_375' title='bbox 1305 4089 1383 4145; x_wconf 73' lang='lat' dir='ltr'>gena-</span> 
     </span>
     <span class='ocr_line' id='line_1_38' title="bbox 118 4158 1382 4234; baseline -0.003 -11"><span class='ocrx_word' id='word_1_376' title='bbox 118 4164 308 4232; x_wconf 74' lang='lat' dir='ltr'>1isornatas,</span> <span class='ocrx_word' id='word_1_377' title='bbox 324 4158 475 4218; x_wconf 84' lang='lat' dir='ltr'>simulacris</span> <span class='ocrx_word' id='word_1_378' title='bbox 495 4166 522 4215; x_wconf 88' lang='lat' dir='ltr'>et</span> <span class='ocrx_word' id='word_1_379' title='bbox 539 4159 652 4233; x_wconf 87' lang='lat' dir='ltr'>picturis</span> <span class='ocrx_word' id='word_1_380' title='bbox 668 4161 804 4232; x_wconf 85' lang='lat' dir='ltr'>refertas,</span> <span class='ocrx_word' id='word_1_381' title='bbox 822 4168 905 4234; x_wconf 83' lang='lat' dir='ltr'>atque</span> <span class='ocrx_word' id='word_1_382' title='bbox 920 4173 1088 4229; x_wconf 76' lang='lat' dir='ltr'>organorum</span> <span class='ocrx_word' id='word_1_383' title='bbox 1107 4159 1199 4216; x_wconf 87' lang='lat' dir='ltr'>sonitu</span> <span class='ocrx_word' id='word_1_384' title='bbox 1216 4166 1382 4234; x_wconf 86' lang='lat' dir='ltr'>strepentes.</span> 
     </span>
     <span class='ocr_line' id='line_1_39' title="bbox 118 4245 1384 4322; baseline -0.004 -13"><span class='ocrx_word' id='word_1_385' title='bbox 118 4251 152 4308; x_wconf 78' lang='lat' dir='ltr'>bt</span> <span class='ocrx_word' id='word_1_386' title='bbox 169 4264 239 4306; x_wconf 83' lang='lat' dir='ltr'>aero</span> <span class='ocrx_word' id='word_1_387' title='bbox 255 4247 390 4322; x_wconf 85' lang='lat' dir='ltr'>ccclesia,</span> <span class='ocrx_word' id='word_1_388' title='bbox 415 4260 483 4319; x_wconf 88' lang='lat' dir='ltr'>quae</span> <span class='ocrx_word' id='word_1_389' title='bbox 503 4254 576 4303; x_wconf 88' lang='lat' dir='ltr'>artes</span> <span class='ocrx_word' id='word_1_390' title='bbox 597 4248 699 4304; x_wconf 90' lang='lat' dir='ltr'>intrare</span> <span class='ocrx_word' id='word_1_391' title='bbox 718 4264 797 4322; x_wconf 89' lang='lat' dir='ltr'>passa</span> <span class='ocrx_word' id='word_1_392' title='bbox 815 4254 871 4318; x_wconf 89' lang='lat' dir='ltr'>est,</span> <span class='ocrx_word' id='word_1_393' title='bbox 904 4245 991 4303; x_wconf 81' lang='lat' dir='ltr'>valvis</span> <span class='ocrx_word' id='word_1_394' title='bbox 1015 4245 1176 4318; x_wconf 78' lang='lat' dir='ltr'>patefactis,</span> <span class='ocrx_word' id='word_1_395' title='bbox 1204 4262 1263 4301; x_wconf 88' lang='lat' dir='ltr'>cum</span> <span class='ocrx_word' id='word_1_396' title='bbox 1289 4261 1384 4304; x_wconf 89' lang='lat' dir='ltr'>omnes</span> 
     </span>
     <span class='ocr_line' id='line_1_40' title="bbox 119 4331 1383 4408; baseline -0.004 -14"><span class='ocrx_word' id='word_1_397' title='bbox 119 4344 197 4394; x_wconf 80' lang='lat' dir='ltr'>necat</span> <span class='ocrx_word' id='word_1_398' title='bbox 211 4342 267 4392; x_wconf 91' lang='lat' dir='ltr'>tum</span> <span class='ocrx_word' id='word_1_399' title='bbox 281 4350 433 4408; x_wconf 90' lang='lat' dir='ltr'>pauperes,</span> <span class='ocrx_word' id='word_1_400' title='bbox 457 4331 558 4389; x_wconf 81' lang='lat' dir='ltr'>Christi</span> <span class='ocrx_word' id='word_1_401' title='bbox 575 4332 687 4391; x_wconf 88' lang='lat' dir='ltr'>delicias</span> <span class='ocrx_word' id='word_1_402' title='bbox 707 4333 820 4404; x_wconf 84' lang='lat' dir='ltr'>invitat,</span> <span class='ocrx_word' id='word_1_403' title='bbox 841 4340 871 4389; x_wconf 91' lang='lat' dir='ltr'>ut</span> <span class='ocrx_word' id='word_1_404' title='bbox 895 4331 1021 4403; x_wconf 86' lang='lat' dir='ltr'>videant,</span> <span class='ocrx_word' id='word_1_405' title='bbox 1044 4340 1073 4389; x_wconf 90' lang='lat' dir='ltr'>ut</span> <span class='ocrx_word' id='word_1_406' title='bbox 1094 4331 1277 4403; x_wconf 88' lang='lat' dir='ltr'>delectentur,</span> <span class='ocrx_word' id='word_1_407' title='bbox 1303 4339 1332 4388; x_wconf 90' lang='lat' dir='ltr'>ut</span> <span class='ocrx_word' id='word_1_408' title='bbox 1355 4333 1383 4389; x_wconf 95' lang='lat' dir='ltr'>in</span> 
     </span>
     <span class='ocr_line' id='line_1_41' title="bbox 120 4415 1381 4496; baseline -0.003 -16"><span class='ocrx_word' id='word_1_409' title='bbox 120 4422 257 4496; x_wconf 75' lang='lat' dir='ltr'>uoluptate</span> <span class='ocrx_word' id='word_1_410' title='bbox 273 4436 307 4477; x_wconf 88' lang='lat' dir='ltr'>ex</span> <span class='ocrx_word' id='word_1_411' title='bbox 320 4419 426 4477; x_wconf 89' lang='lat' dir='ltr'>artibus</span> <span class='ocrx_word' id='word_1_412' title='bbox 439 4418 615 4494; x_wconf 89' lang='lat' dir='ltr'>percipienda</span> <span class='ocrx_word' id='word_1_413' title='bbox 633 4437 663 4477; x_wconf 89' lang='lat' dir='ltr'>se</span> <span class='ocrx_word' id='word_1_414' title='bbox 681 4418 808 4477; x_wconf 85' lang='lat' dir='ltr'>divitibus</span> <span class='ocrx_word' id='word_1_415' title='bbox 827 4418 981 4490; x_wconf 79' lang='lat' dir='ltr'>intelligant</span> <span class='ocrx_word' id='word_1_416' title='bbox 999 4435 1089 4493; x_wconf 86' lang='lat' dir='ltr'>pares.</span> <span class='ocrx_word' id='word_1_417' title='bbox 1132 4415 1238 4475; x_wconf 82' lang='lat' dir='ltr'>Exuunt</span> <span class='ocrx_word' id='word_1_418' title='bbox 1258 4418 1328 4476; x_wconf 88' lang='lat' dir='ltr'>enim</span> <span class='ocrx_word' id='word_1_419' title='bbox 1348 4435 1381 4476; x_wconf 89' lang='lat' dir='ltr'>ac</span> 
     </span>
     <span class='ocr_line' id='line_1_42' title="bbox 123 4505 926 4583; baseline -0.009 -14"><span class='ocrx_word' id='word_1_420' title='bbox 123 4509 257 4583; x_wconf 65' lang='lat' dir='ltr'>&amp;ponunt</span> <span class='ocrx_word' id='word_1_421' title='bbox 269 4507 388 4582; x_wconf 86' lang='lat' dir='ltr'>sordes,</span> <span class='ocrx_word' id='word_1_422' title='bbox 405 4507 440 4565; x_wconf 88' lang='lat' dir='ltr'>ad</span> <span class='ocrx_word' id='word_1_423' title='bbox 459 4505 580 4564; x_wconf 85' lang='lat' dir='ltr'>sublimia</span> <span class='ocrx_word' id='word_1_424' title='bbox 596 4512 625 4563; x_wconf 89' lang='lat' dir='ltr'>et</span> <span class='ocrx_word' id='word_1_425' title='bbox 637 4507 752 4580; x_wconf 74' lang='lat' dir='ltr'>prandia</span> <span class='ocrx_word' id='word_1_426' title='bbox 768 4511 926 4566; x_wconf 84' lang='lat' dir='ltr'>evocantur.</span> 
     </span>
    </p>
   </div>
   <div class='ocr_carea' id='block_1_4' title="bbox 0 0 1502 4926">
    <p class='ocr_par' dir='ltr' id='par_1_6' title="bbox 0 0 1502 4926">
     <span class='ocr_line' id='line_1_43' title="bbox 0 0 1502 4926; baseline 0 0"><span class='ocrx_word' id='word_1_427' title='bbox 0 0 1502 4926; x_wconf 95' lang='lat' dir='ltr'> </span> 
     </span>
    </p>
   </div>
  </div>
 </body>
</html>
