3022 4920
801 217 847 288 16

195 420 320 498 Uinici,
351 423 400 485 bei
422 420 468 487 St.
491 417 614 499 Alban,
643 421 676 481 in
704 420 764 482 den
786 419 930 482 Ktiistern
953 416 1089 498 pesebab
1116 417 1177 478 das
1196 412 1369 479 Ndmtieite.
1411 408 1461 475 dn

194 527 255 589 den
276 526 453 602 Hammon,
483 525 535 587 die
555 525 618 604 aas
639 524 720 586 alten
741 521 863 586 Plataea
884 541 943 584 oon
969 521 1166 585 menitesden
1187 517 1316 582 Bitdern
1338 535 1460 599 empor-

194 628 349 706 ioderten,
380 634 527 691 wdrmten
551 626 618 688 sieb
648 627 698 688 die
723 622 869 689 Wooben.
913 622 1000 686 Nosb
1027 624 1136 685 milder
1161 622 1290 686 worden
1311 622 1362 683 die
1383 617 1461 699 Ans·

195 731 277 792 tritta
298 730 353 792 des
372 730 537 810 [alpert-(tea
562 726 670 808 Topos.
716 726 928 808 Fs'tnsbnndert
949 723 1061 804 Mann,
1090 725 1150 787 den
1170 719 1294 788 Henber
1312 742 1356 784 an
1375 724 1461 785 itaer

195 829 317 911 Spitne,
340 831 478 893 braeben
496 831 586 910 anf's
599 828 687 892 Neue
698 832 733 891 in
748 831 799 892 die
813 828 1058 892 Mdrssteririrebe
1072 831 1130 891 ein.
1157 825 1236 891 tent
1248 828 1340 892 mord
1354 823 1460 889 Niobtn

195 934 282 995 mehr
308 934 477 996 oerscbmst.
520 930 742 995 Zertritrnmert
766 933 884 995 sanben
915 934 976 995 otte
1002 929 1133 1003 Alttire;
1165 932 1246 994 ancli
1277 933 1330 993 dia
1356 933 1462 993 ἱοιιιοιι

197 1033 321 1115 Bitder,
344 1037 412 1099 inre
439 1035 646 1114 Bebsiltnisse,
683 1038 735 1097 die
761 1036 908 1098 Gemdtde
930 1036 1058 1096 sortrden
1084 1035 1281 1114 nersebtnpen
1308 1031 1375 1094 nrtd
1404 1048 1462 1093 oon

196 1138 265 1199 bier
293 1140 358 1201 and
385 1157 444 1201 ans
470 1141 552 1204 alten
578 1141 701 1201 andern
725 1137 860 1200 Kireben
882 1138 942 1216 anf
962 1137 1014 1198 die
1037 1135 1163 1197 Strasse
1187 1137 1373 1217 peseldeppt.
1419 1130 1462 1195 Ει

195 1257 263 1302 soor
289 1242 529 1321 ompesebtapen
555 1242 699 1318 worden,
728 1243 788 1302 das
809 1239 883 1302 Heln
904 1248 994 1301 tenter
1018 1240 1069 1300 die
1087 1237 1202 1301 Armen
1222 1259 1259 1301 nn
1279 1237 1462 1305 aasumensi

70 1345 73 1353 ‘
197 1343 276 1405 duob
306 1340 448 1406 Mebrere
480 1344 597 1421 dieser,
630 1343 697 1404 sien
728 1344 841 1405 darnrn
869 1342 1033 1419 streitend,
1066 1344 1282 1405 oemonndeten
1312 1340 1464 1403 einander

196 1444 299 1508 selbst.
332 1443 511 1506 Grdsserem
536 1443 704 1523 Unsrieden
723 1453 855 1506 stenerte
875 1447 925 1506 ein
945 1446 1041 1525 sosort
1062 1445 1287 1524 anpeordneter
1309 1442 1462 1524 attam·

199 1563 257 1605 ner
268 1543 389 1609 Brand.
412 1543 554 1606 Interdum
568 1555 751 1606 accesserunt
769 1545 805 1606 ad
819 1548 964 1607 saevitiam
981 1548 1037 1607 ioci
1055 1549 1154 1607 rustici
1169 1548 1247 1627 iique
1265 1545 1375 1607 lasciui
1396 1544 1463 1609 Hot-

198 1647 292 1725 tinger
313 1644 336 1707 1.
359 1664 385 1707 o.
407 1665 436 1726 p.
457 1645 499 1709 68
518 1666 602 1708 unum
624 1649 709 1709 otiert
729 1647 889 1728 exemplum
908 1648 1013 1708 elibro
1027 1646 1176 1708 'ischndiiz
1201 1647 1244 1729 sp
1260 1647 1390 1728 fiirtend
1408 1666 1464 1728 eyn

196 1769 287 1830 prose
308 1750 490 1813 marterbitd
510 1770 568 1812 oon
591 1749 691 1813 Sonat
717 1749 882 1813 Sebastiam
910 1770 970 1829 pen
996 1751 1161 1813 sebdnniss
1191 1768 1233 1810 an
1260 1768 1367 1830 epnsm
1390 1750 1464 1828 sept,

200 1852 297 1914 donsit
324 1872 359 1934 sy
380 1854 432 1934 ayt
457 1859 594 1933 perprius
619 1852 786 1935 tbrpbend,
818 1853 882 1914 nnd
907 1855 962 1933 [tir
988 1854 1106 1916 andree
1134 1853 1325 1916 sobabetend
1350 1870 1387 1932 sp
1406 1850 1467 1913 tan

199 1956 281 2017 anob
301 1956 353 2016 die
373 1955 471 2018 braine
492 1958 558 2019 ond
578 1957 729 2019 ssnobtend
748 1957 810 2018 inm
831 1958 882 2017 die
901 1958 1011 2018 milden
1032 1958 1121 2021 ndbn.
1165 1956 1269 2037 Neque
1296 1975 1314 2017 u
1335 1954 1467 2015 erunibus

200 2066 230 2118 et
250 2057 420 2138 imaginibus
438 2057 554 2121 ¹Christi
583 2078 681 2121 manus
708 2060 903 2137 abstinebant,
934 2062 1065 2138 qnoniam
1094 2069 1124 2120 et
1149 2061 1230 2140 ipsae
1259 2078 1298 2121 ex
1319 2058 1468 2120 doctorum

200 2163 339 2222 sententia
371 2162 546 2224 habebuntur
575 2164 706 2241 inutiles,
736 2165 867 2242 ineptae,
900 2165 989 2224 saeris
1017 2165 1178 2244 repurgatis
1210 2162 1283 2224 haud
1314 2178 1467 2241 eongmue.

200 2260 276 2322 Sane
292 2260 371 2342 quod
386 2259 515 2342 Ciuglius
528 2274 624 2326 monet
645 2265 729 2326 Brev.
748 2263 825 2344 lsag.
848 2267 876 2326 in
897 2265 950 2327 Ev.
967 2266 1043 2327 daut.
1063 2284 1092 2346 p.
1108 2265 1185 2330 249:
1209 2265 1299 2341 Qnod
1315 2264 1469 2328 ctnsmn

202 2364 309 2442 wana
334 2367 469 2446 inopine
496 2376 551 2429 ant
579 2369 775 2431 similitudine
799 2371 932 2448 exprimi
963 2388 1021 2432 non
1046 2373 1184 2450 patimur
1210 2371 1281 2432 bine
1305 2370 1357 2449 tit,
1388 2368 1471 2448 qnod

200 2485 294 2529 aemes
313 2466 400 2530 Dens
420 2476 465 2531 est
484 2478 513 2531 et
531 2489 588 2534 nos
613 2490 681 2533 enm
709 2472 800 2533 talem
822 2490 890 2532 esse
915 2472 1130 2551 opnoseimrrs5
1159 2470 1245 2533 Deras
1265 2473 1346 2532 enim
1367 2469 1471 2550 effinpi

200 2590 261 2632 non
289 2570 379 2633 debet
405 2606 447 2618 —-
475 2590 531 2633 non
561 2590 678 2652 prorsus
710 2572 831 2634 alienum
860 2582 905 2633 est
937 2591 953 2634 a
985 2572 1245 2654 monophysitarum
1277 2571 1470 2654 opinionibus.

203 2670 320 2735 Cautius
348 2672 482 2735 Confess.
507 2674 618 2737 Helvet.
649 2685 720 2755 part.
746 2675 782 2736 N.
809 2692 839 2754 p.
868 2671 945 2736 472:
982 2674 1113 2738 Tametsi
1136 2675 1277 2740 Christos
1304 2677 1470 2738 humanam

204 2778 408 2855 assumpserit
428 2785 590 2855 natnram,
619 2798 679 2840 non
699 2779 770 2839 ideo
791 2785 892 2841 tamen
914 2783 1095 2860 assarmpsit,
1117 2789 1151 2843 nt
1173 2789 1277 2862 tppnrn
1295 2779 1472 2861 praeferret

203 2880 366 2941 statuariis
385 2888 414 2941 st
433 2883 615 2960 pistoribus.
643 2879 775 2961 Nepaoit
788 2900 822 2941 se
842 2885 962 2944 vasisse
984 2883 1029 2944 ad
1049 2883 1227 2944 solvendam
1249 2883 1331 2962 lepos
1349 2890 1379 2944 et
1398 2896 1470 2960 pto-

202 2981 320 3061 pbstas.
363 2979 406 3044 m
426 2984 492 3064 leae
513 2994 542 3047 et
558 2985 717 3064 propinetis
735 2984 908 3064 prohibitae
928 2993 999 3047 snnt
1015 2986 1174 3064 imapines.
1211 2982 1342 3064 Nepaait
1362 3002 1482 3064 corpo.

205 3084 304 3145 ratem
331 3101 420 3145 snam
447 3086 599 3149 ecelesiae
621 3086 819 3166 profuturam
843 3088 1073 3166 praesentiam:
1104 3088 1215 3166 spirita
1243 3106 1299 3149 sno
1327 3104 1362 3149 se
1384 3086 1473 3148 nobie

202 3194 351 3265 perpetuo
375 3186 543 3270 affuturum
561 3189 719 3266 pmmstr:
748 3189 817 3265 ptris
848 3208 922 3269 erpo
950 3189 1092 3251 erederet
1110 3189 1253 3251 ambram
1274 3188 1324 3251 oet
1344 3187 1472 3251 simuta-

206 3305 293 3349 eram
313 3289 454 3367 emporis
472 3290 612 3368 adanam
633 3289 775 3368 conferre
793 3291 856 3370 piis
877 3292 1045 3353 sanitatem.
1058 3290 1084 3368 ¹)

291 3553 318 3633 t)
341 3555 443 3625 Quibus
462 3554 606 3627 synopsim
627 3555 694 3611 haee
713 3570 769 3612 uon
790 3556 925 3614 sufficiunt
945 3555 1043 3628 quique
1061 3554 1201 3627 pleniores
1223 3560 1346 3611 crateras
1368 3553 1473 3625 sitiunt,

205 3642 239 3700 ad
255 3641 539 3712 torneamentum,
563 3658 598 3697 ex
619 3641 715 3713 quibus
738 3641 810 3698 sitim
830 3643 1004 3713 restinguere
1021 3648 1135 3713 queant,
1158 3640 1192 3696 ud
1213 3658 1303 3698 rerum
1319 3640 1474 3697 Helvetios·

204 3746 279 3799 ram,
296 3729 483 3802 belgicarum,
498 3727 665 3785 Seotieurnm
683 3727 850 3801 scriptores,
873 3728 917 3800 qui
940 3728 968 3783 in
982 3728 1034 3783 bue
1048 3726 1193 3798 imaginum
1208 3728 1285 3785 ruina
1301 3744 1336 3783 ex
1350 3726 1474 3783 instituto

205 3820 233 3871 st
252 3815 313 3871 dats
331 3832 414 3890 opera
430 3814 531 3872 versati
547 3820 617 3871 sunt.
662 3815 729 3871 Sunt
748 3822 838 3871 tamen
852 3814 897 3887 qui
912 3814 979 3870 mire
993 3813 1106 3870 lenitate
1122 3821 1150 3869 et
1164 3813 1369 3871 mansuetudine
1388 3811 1417 3868 in
1432 3810 1475 3868 his

204 3900 361 3958 tumultibus
383 3899 542 3958 enarrandis
564 3890 729 3973 sumpserint
750 3903 891 3957 calamum.
936 3899 1067 3973 Exempto
1091 3905 1133 3955 est
1152 3900 1282 3958 Saokius:
1306 3900 1357 3955 Dis
1373 3897 1475 3954 Kirebs

206 4003 260 4046 vau
276 3986 435 4044 Sabottland
452 3988 472 4044 1.
489 4004 516 4059 p.
530 3986 577 4042 39:
599 3987 638 4044 Da
654 3985 779 4042 entstsnd
799 3986 826 4042 iu
847 3986 941 4055 Perth,
966 4002 1011 4042 wo
1034 3984 1078 4042 siu
1093 3984 1213 4044 Priester
1233 4003 1293 4044 num
1306 3983 1475 4056 bergerniss

207 4072 257 4131 der
274 4073 373 4145 lenge
394 4073 447 4129 alte
463 4072 561 4130 Prroht
582 4071 630 4128 des
652 4072 807 4129 rbmisehen
823 4070 1040 4129 Gottesdienstes
1063 4071 1193 4129 eutiatten
1215 4074 1326 4142 wotlts,
1346 4070 1392 4128 ein
1406 4069 1475 4126 riui-

207 4159 289 4230 ruhr,
304 4156 354 4216 der
370 4157 416 4217 mit
426 4159 602 4215 stttrmiseher
612 4156 800 4226 insonamus
815 4157 864 4212 des
879 4157 1032 4213 romischen
1049 4157 1269 4216 Gottesdieustes
1281 4158 1308 4214 in
1324 4156 1376 4213 deu
1388 4155 1476 4214 wieh-

207 4247 311 4319 tigsten
326 4245 436 4302 Stidtsu
452 4245 500 4302 des
515 4243 713 4316 libnigreiebes
729 4242 857 4323 eudigte,
880 4243 907 4298 iu
928 4243 1193 4315 verhttltnissmissig
1216 4245 1316 4301 kurzer
1335 4242 1394 4299 Zeit
1411 4240 1477 4299 und

208 4330 746 4400 ahueaudereGenalttbateu,
768 4327 820 4384 als
841 4327 1222 4401 dieZerstttrungvon
1245 4327 1490 4395 kireblieben

210 4417 398 4477 Gsbttudsn
413 4416 477 4474 und
492 4416 770 4484 Kunstwerken,
793 4412 878 4470 deren
897 4413 1035 4471 Wertb
1012 4431 1100 4472 einem
1114 4415 1307 4488 augebildeteu
1325 4414 1380 4470 uud
1395 4413 1478 4471 heiti·

212 4519 266 4577 ιιι
281 4503 374 4561 Votke
395 4502 527 4560 verdeetrt
540 4515 614 4569 wer,
635 4500 690 4557 wie
710 4500 754 4556 itur
773 4497 915 4557 Gabraueh
936 4500 983 4558 mit
1003 4501 1079 4559 siner
1097 4500 1370 4573 umebriitmtssipen
1382 4499 1478 4557 Anba
