3022 4920
741 298 816 369 297

141 500 346 565 lamentum
369 502 502 583 eorporis
529 510 559 563 et
584 498 730 580 sanguinis
751 494 818 560 lesu
843 495 948 559 Christi
971 499 1024 559 sub
1047 506 1167 579 utraque
1192 502 1292 579 specie
1316 501 1408 563 distri·

141 605 234 667 butor
255 605 284 665 in
306 622 399 684 regno
421 603 543 684 Angliae
561 603 600 685 ¹).
652 602 711 665 Sed
734 620 770 662 ne
796 601 1005 661 sanctissimum
1028 603 1191 677 mysterium
1223 604 1345 681 quisque
1373 605 1409 665 ad

143 705 277 768 urbitrinur
295 715 325 766 et
336 716 434 768 nutum
448 726 530 768 suurn
545 707 670 786 lingeret
685 713 713 766 et
727 684 971 777 accommodaret,
995 700 1168 761 elaboratam
1184 721 1253 763 esse
1267 703 1408 781 liturgiam

143 814 343 886 annuatque
364 807 495 868 omnibus
517 805 751 869 commendatam.
797 802 849 864 Cui
873 804 896 863 si
926 803 1005 862 cives
1030 802 1202 881 plauserint,
1231 805 1285 864 hac
1308 803 1408 883 populi

143 906 328 968 mutatione
345 926 444 986 regern
463 909 616 969 excitatum
631 908 664 968 iri
681 915 710 967 ut
723 905 859 968 audacius
873 904 928 965 elia
942 905 1120 965 relonnaret.
1142 903 1293 966 Caeterum
1308 924 1408 967 omnes

145 1007 209 1069 telle
228 1006 391 1069 admonitos
406 1017 445 1085 ut,
469 1010 547 1087 regis
563 1008 670 1069 iudicio
691 1008 811 1083 conlisi,
836 1006 1010 1067 abstinerent
1025 1024 1041 1066 a
1057 1006 1206 1084 praecipiti
1222 1026 1256 1067 ac
1274 1016 1408 1084 protervo

146 1128 225 1173 nrum
240 1126 377 1171 novarum
391 1108 496 1170 studio.
519 1108 623 1188 Neque
637 1108 795 1171 Edwardus
814 1126 914 1168 eornm
928 1106 1030 1167 lelellit
1045 1125 1136 1186 spem,
1161 1109 1209 1185 qui
1224 1109 1297 1167 bene
1310 1110 1407 1186 cupie-

147 1212 201 1273 bant
216 1212 307 1272 sacris
329 1211 499 1272 reformatis.
533 1202 634 1272 blense
649 1210 727 1288 llajo
742 1208 942 1270 Vindesorium
959 1210 1129 1270 convocavit
1144 1211 1348 1288 episcoporum
1373 1229 1408 1271 ac

148 1311 334 1392 theologorum
349 1320 529 1387 conventum,
544 1313 604 1390 qui,
621 1311 675 1372 ritu
687 1310 815 1372 Romano
833 1329 949 1390 prorsus
964 1310 1088 1387 sublato,
1104 1311 1258 1370 vernaculo
1275 1328 1407 1371 sermone

150 1422 319 1493 componeret
334 1428 439 1474 novum
456 1413 600 1474 ecclesiae
619 1412 794 1492 Anglicanae
812 1412 922 1472 rituale.
959 1409 1114 1472 Graumero
1140 1412 1271 1490 praeside
1292 1415 1320 1471 iu
1345 1432 1407 1473 eam

151 1534 228 1577 coram
250 1515 439 1577 incubuerunt
461 1513 623 1592 Goodricb,
646 1514 811 1595 Episcopus
833 1511 977 1589 Eliensis,
1003 1514 1086 1592 skip,
1108 1513 1164 1592 Ep.
1188 1514 1408 1575 llerelnrdensis

150 1614 264 1693 llirlby,
294 1614 350 1695 Ep.
372 1615 708 1691 westmonasteriensis,
742 1616 815 1694 Dap,
847 1615 902 1695 Ep.
936 1614 1153 1693 cicestriensis,
1180 1616 1321 1694 Holleck,
1351 1616 1407 1695 Ep.

150 1716 291 1796 hidensis,
307 1716 422 1796 musy,
437 1716 493 1798 Ep.
504 1717 662 1794 lindensis,
679 1716 755 1795 May,
773 1719 906 1791 Decanus
922 1718 964 1777 St.
975 1716 1052 1777 Pauli
1069 1716 1268 1794 Londinensis,
1290 1717 1406 1796 laxior,

151 1818 265 1882 decanus
288 1818 454 1898 lundensis,
479 1818 606 1898 lleynes,
630 1821 764 1881 Decanus
789 1819 977 1896 Exoriensis,
1002 1819 1186 1898 lledmayne,
1212 1820 1408 1881 Cancellnrius

152 1919 393 2001 lutabrigiensis,
430 1920 527 1999 Coxe,
560 1922 638 2002 regis
668 1921 928 1998 eleemosynarius,
961 1919 1144 1995 Robertson,
1182 1918 1407 1980 Archidiaconus

151 2020 365 2085 leicestriensis.
411 2021 449 2083 Ut
476 2021 564 2102 vulgo
592 2023 682 2083 lectur
711 2023 755 2083 his
782 2022 852 2082 viris
880 2037 936 2080 non
962 2018 1052 2080 deluit
1079 2018 1279 2098 theologorum
1303 2020 1406 2081 llelor·

150 2134 268 2187 notorum
297 2132 460 2185 exterorum
486 2125 640 2185 auctoritas
669 2133 754 2204 atque
785 2121 951 2198 eonsilium,
985 2120 1060 2181 Petri
1088 2118 1236 2197 Martyris,
1266 2120 1296 2181 P.
1324 2120 1406 2200 Fagii

149 2242 172 2285 ac
186 2224 223 2287 ll.
246 2224 353 2286 lluceri
375 2234 404 2284 et
424 2222 557 2285 lobannis
580 2244 596 2285 a
615 2224 716 2286 Laseo.
736 2226 768 2308 2)
823 2223 908 2299 Quod
930 2222 1121 2284 verosimilius
1144 2232 1204 2298 est,
1230 2222 1293 2282 libri
1316 2222 1405 2301 angli·

148 2330 194 2389 nni
214 2336 350 2389 auctores
373 2337 564 2406 respexerunt
583 2326 620 2388 nd
635 2326 776 2408 liturgiam
792 2326 954 2403 hermanni,
970 2325 1193 2404 drcbiepiscopi
1210 2322 1404 2401 boloniensis,

147 2446 172 2489 eo
189 2439 320 2509 tempore
343 2427 456 2506 anglica
478 2426 573 2507 lingua
595 2428 808 2509 promulgatam.
822 2429 852 2510 8)
903 2428 1035 2489 Proiecto
1060 2427 1230 2489 Granmerus
1252 2427 1407 2489 voluntatis

146 2530 312 2593 inclinatione
343 2531 371 2589 in
401 2528 502 2589 librum
530 2529 733 2592 coloniensem
767 2531 980 2610 propendebat,
1016 2529 1067 2591 sed
1098 2548 1149 2609 pro
1178 2549 1229 2590 sua
1258 2530 1406 2609 prudentia

147 2630 328 2712 prospiciebat
350 2637 380 2689 et
397 2629 565 2690 consulebat
587 2631 687 2710 populi
709 2633 864 2693 rationibus
885 2642 1015 2693 vetustae
1038 2631 1171 2712 liturgiae
1193 2632 1284 2693 adbuc
1307 2632 1405 2693 dedlti.

145 2729 284 2814 Propterea
304 2748 379 2812 qnae
401 2729 605 2810 aliquomodo
629 2734 705 2794 lerre
727 2736 819 2812 potuit
840 2735 982 2813 ingenium
1006 2734 1218 2813 Reformatum,
1248 2734 1408 2814 desumpsit

144 2852 170 2896 cr
188 2836 312 2915 antiquis
340 2830 485 2893 ecclesiae
507 2831 682 2914 Anglicauae
704 2833 866 2899 blissalibus
895 2855 928 2896 ao
952 2835 1119 2914 llrevimiis,
1150 2837 1285 2915 imprimis
1315 2838 1405 2898 Suris-

143 3173 155 3228 ἀ
215 3091 249 3164 l)
273 3088 435 3147 communio
449 3090 499 3147 sub
515 3099 627 3162 utraque
645 3090 696 3148 iam
712 3091 825 3149 decreto
841 3092 964 3149 ordinum
981 3092 1006 3148 d.
1027 3093 1053 3151 d.
1071 3091 1129 3150 llll.
1143 3094 1208 3154 lleo.
1224 3091 1304 3156 1547
1318 3097 1407 3153 intro-

155 3183 209 3233 uots
225 3182 278 3234 est.

212 3278 243 3353 2)
265 3276 297 3334 G.
322 3276 470 3344 Weberus,
489 3276 597 3333 Giblcri
619 3276 699 3334 iudex
724 3280 751 3334 in
776 3278 1001 3352 premeridibus
1023 3276 1304 3350 heidelbergensibus
1330 3282 1406 3353 1843,

142 3361 176 3417 dr.
190 3362 315 3422 ⁵7-59,
336 3362 363 3417 S.
379 3360 542 3419 stt-939:
566 3363 656 3432 „llass
681 3381 741 3421 man
767 3364 826 3421 sich
848 3366 897 3421 der
923 3364 1002 3419 lldlle
1027 3365 1209 3435 ouswiirtiger
1235 3368 1406 3437 Tlreologeu,

142 3448 294 3504 uuentttctr
313 3447 415 3503 Bucers
430 3447 483 3502 und
500 3448 527 3502 Ρ.
547 3447 647 3516 llartpr
663 3449 775 3504 bedieut
798 3451 883 3519 habe,
907 3450 942 3504 ist
958 3449 1094 3505 durclreus
1109 3452 1257 3525 unriohtig,
1282 3454 1315 3507 do
1330 3454 1406 3508 diese

142 3541 188 3590 trel
206 3534 278 3590 nsclt
294 3532 473 3602 Vollendung
494 3532 543 3587 des
559 3532 688 3588 Common
704 3536 805 3602 Preger
822 3535 900 3590 Book
920 3535 948 3589 in
965 3534 1088 3603 Eugloud
1108 3537 1254 3606 onlangteu
1277 3538 1329 3593 und
1346 3555 1406 3593 man

142 3618 291 3675 tlsicbtliclr
308 3616 377 3689 jede
394 3617 587 3687 llinmiscbung
610 3635 664 3673 von
682 3620 788 3676 Aussen
811 3619 952 3687 l'ernlrielt,
976 3621 1097 3676 weslrolb
1124 3638 1183 3677 man
1206 3623 1274 3677 auch
1296 3622 1406 3678 Calvins

144 3701 199 3759 tutu
216 3702 272 3759 und
288 3702 417 3759 Beistand
436 3701 536 3758 biillicb
551 3703 710 3759 ablelunte.“

213 3804 245 3880 3)
267 3803 329 3860 Von
352 3803 449 3859 (lottes
471 3804 616 3875 genedea,
637 3823 717 3862 unser
743 3805 874 3861 lle'rmaus
891 3804 1088 3862 Ertcbiscbolls
1111 3823 1142 3861 zu
1161 3807 1228 3862 Cbln
1250 3806 1303 3861 und
1320 3807 1406 3862 Chor-

144 3887 236 3946 ltrsten
259 3896 315 3948 etc.
338 3887 480 3959 einliltige
504 3889 668 3961 lledenlren,
694 3892 811 3948 u'oruull
830 3891 873 3945 ein
898 3889 1060 3945 christliche
1084 3892 1111 3947 in
1131 3892 1190 3947 dem
1210 3891 1295 3947 Wort
1311 3893 1407 3950 Gottes

145 3981 269 4045 gegrbnte
287 3973 475 4030 llelortnntion
490 3991 524 4030 nn
543 3977 622 4043 hebr,
639 3977 739 4031 brauch
757 3977 805 4030 der
823 3975 946 4046 lleiligen
963 3974 1155 4032 Sacramenten
1173 3994 1198 4032 u.
1215 3975 1406 4050 Ceremonieu,

145 4057 284 4132 leelsorge
308 4060 363 4117 und
384 4059 488 4116 andern
510 4060 736 4130 llircbeudienst,
760 4061 815 4116 biss
839 4061 879 4115 ull
898 4061 973 4115 eines
997 4061 1110 4130 freyen,
1134 4061 1331 4127 Clrristlicben,
1354 4066 1406 4120 Ge-

147 4145 238 4202 neinen
261 4145 333 4201 oder
354 4145 627 4202 ilatioual-Concilii
653 4147 722 4202 oder
747 4147 795 4202 des
819 4145 914 4200 lleicbs
939 4146 1087 4202 Teutsuber
1110 4147 1207 4204 Notion
1229 4150 1348 4217 stende,
1370 4151 1407 4205 im

147 4226 267 4302 llepligen
291 4229 368 4287 Geist
390 4232 577 4300 versammlet,
603 4233 825 4300 verbesserung,
857 4232 910 4300 bey
937 4231 1040 4299 denen,
1070 4248 1102 4287 so
1126 4252 1239 4289 unserer
1262 4236 1407 4305 seolsorgs

147 4311 278 4386 belolben‚
298 4316 474 4372 ancuriebten
495 4332 571 4385 seue,
597 4317 672 4371 1543.
689 4347 732 4360 --
750 4319 937 4389 Composuere
961 4317 1056 4373 librum
1073 4319 1227 4375 lleleutlron
1251 4328 1331 4392 atqrue
1355 4322 1406 4377 llu-

149 4412 229 4457 terns:
240 4405 337 4474 partes
348 4401 481 4457 secundas
493 4401 546 4458 sibi
562 4411 734 4474 srrmpserunt
746 4402 879 4459 Pistorius
891 4408 918 4457 et
931 4401 1026 4458 lledio.
1041 4404 1080 4458 Cl.
1093 4406 1168 4460 lleclr
1181 4405 1344 4461 Gesclrinhte
1358 4408 1407 4462 der

150 4480 237 4559 linter
251 4486 403 4558 honburg,
420 4487 528 4543 Runkel
543 4495 597 4548 etc.
627 4506 653 4560 p.
672 4491 717 4547 ldl
736 4489 777 4544 ll:
798 4489 922 4544 beckers
940 4488 1072 4544 llermaun
1089 4508 1141 4548 von
1160 4489 1241 4548 Wied
1258 4509 1283 4565 p.
1304 4491 1351 4548 tot
1367 4493 1406 4563 ll.,

151 4565 191 4623 lli
202 4570 227 4628 ll.
262 4571 372 4629 lliohtsr
386 4570 588 4645 Evangeliscbe
605 4573 887 4646 llircbenordnuugen
904 4573 936 4629 ll.
953 4591 978 4646 p.
994 4574 1029 4629 30
1043 4593 1084 4651 sq.
