2992 4926
794 240 869 310 16⁰

197 451 233 515 et
263 410 694 532 uenerabundusque
723 446 842 510 noster
876 435 974 512 lesus
1002 433 1159 510 Christus
1183 456 1250 511 nos
1282 438 1475 535 οιιιιιιιιι,.μ

196 553 300 639 atque
332 541 376 613 ad
402 541 599 613 convivium
631 562 730 614 suum
758 541 881 613 invitet
904 541 1224 634 sanctissimumque
1250 537 1319 613 boc
1341 538 1437 613 Sarra
1463 584 1488 637 ς

197 653 347 716 mentum
373 642 473 716 uobis
500 642 641 737 offerat,
670 641 762 737 quod
789 664 866 713 cum
889 641 1065 737 discipulis
1092 644 1164 715 suis
1191 640 1440 715 commumoni.
1455 646 1488 747 l

1459 750 1466 795 ιΙ

288 777 333 851 Ει
353 799 554 873 quamquam
575 778 756 874 plurimum
774 778 809 847 in
828 775 928 848 nobis
949 772 1143 866 fragilitatis
1160 782 1199 846 et
1213 777 1445 850 miseriaesar
1462 802 1476 877 q.

196 882 311 969 timus,
331 902 446 976 neque
466 879 533 951 lide
554 880 707 975 perfecta
729 877 875 974 praediti
897 898 1033 965 sumus,
1055 875 1172 948 sedin
1193 876 1447 949 diffidentiumrt

195 981 468 1054 incredulitatem
494 981 768 1077 propendemus,
801 979 1014 1073 multumque
1045 976 1143 1052 abest
1168 986 1207 1051 ιιι
1231 988 1329 1051 tanto
1351 976 1447 1053 stu'dlt
1467 986 1488 1055 ’.ς

195 1092 299 1178 atque
321 1083 447 1155 ardore
468 1085 570 1154 animi
590 1083 667 1155 Deo
686 1084 896 1169 serviamus,
920 1101 1021 1176 ιιιιιιιι
1042 1081 1131 1151 ratio
1154 1081 1283 1173 exigit,
1305 1080 1447 1175 quiupe
1469 1112 1484 1159 ε.

193 1186 262 1258 tius
288 1184 418 1256 bellum
443 1184 543 1259 uobis
566 1184 703 1259 assidue
726 1182 897 1256 advorsus
918 1183 1031 1255 caruis
1053 1190 1194 1254 nostrae
1218 1182 1448 1276 concupisces
1467 1182 1488 1263 ἒ,

193 1288 260 1358 tius
285 1286 476 1379 gerendum
503 1295 574 1359 cst:
611 1288 770 1381 quoniam
796 1294 910 1356 tamen
936 1284 1104 1357 Dominus
1127 1281 1229 1356 uobis
1255 1281 1448 1375 benignitate
1474 1354 1488 1367 ,¹

193 1406 259 1461 sua
284 1391 469 1478 concessit,
494 1394 532 1457 nt
553 1390 628 1461 eius
649 1384 880 1481 Evangelium
905 1388 941 1456 in
962 1387 1081 1458 animis
1106 1385 1235 1457 nostris
1262 1386 1448 1480 impressus
1475 1442 1488 1467 „

193 1497 298 1584 atque
316 1488 523 1584 insculptum
541 1490 598 1577 sit,
621 1510 688 1583 quo
707 1488 937 1560 incredulitati
956 1485 1233 1581 diffidentiaeque
1251 1488 1448 1573 resistam,
1475 1548 1488 1573 22

192 1589 361 1684 nobisque
389 1588 596 1665 desiderium
630 1589 775 1684 largitus
801 1598 873 1678 est,
907 1584 1145 1684 cupiditatibus
1175 1589 1309 1661 uostris
1340 1600 1448 1659 resur

194 1691 325 1782 ciendi,
349 1714 416 1787 quo
444 1693 603 1765 iustitiam
625 1692 717 1766 illius
740 1692 1040 1785 sanctissimasque
1060 1689 1162 1782 leges
1186 1698 1222 1761 et
1248 1687 1448 1787 praecepto

175 1812 256 1866 ues
279 1792 524 1868 observemusr
551 1803 682 1867 certum
702 1805 805 1890 atque
822 1793 1040 1889 exploratum
1062 1790 1269 1882 babeamus,
1290 1792 1376 1865 vitia
1390 1808 1448 1865 ou·

192 1897 262 1985 uia,
284 1917 372 1991 quae
392 1898 427 1967 iu
441 1896 542 1973 nobie
559 1906 650 1987 sunt,
671 1899 808 1968 minime
828 1894 1002 1985 obfutura,
1024 1896 1204 1990 quominus
1224 1914 1293 1969 nos
1313 1892 1448 1967 admittat

192 1995 385 2092 dignosque
407 1997 555 2089 reddat‚'¹
570 2000 627 2093 qui
645 1996 813 2094 spirituali
834 1994 902 2069 hoc
920 1997 1083 2069 convivio
1105 1996 1360 2092 participemus.
1391 1990 1447 2067 lle·

192 2120 260 2193 que
281 2102 372 2170 enim
398 2098 442 2173 ob
470 2123 546 2173 eam
569 2122 706 2175 causam
732 2100 800 2171 buc
817 2100 993 2188 venimus,
1015 2108 1052 2169 ut
1077 2095 1302 2193 profiteamur
1322 2118 1387 2171 uos
1407 2096 1447 2167 iu·

189 2209 312 2293 tegros
333 2212 368 2272 et
386 2204 495 2276 iustos
518 2223 598 2275 esse
619 2205 653 2272 in
675 2201 942 2296 uobismetipsis,
963 2200 1027 2274 sed
1048 2201 1160 2295 potius
1182 2201 1290 2272 vitam
1308 2208 1445 2273 nostran

189 2322 315 2393 magno
343 2300 456 2373 studio
482 2304 517 2373 in
542 2301 677 2376 Christo
700 2302 779 2375 lesu
803 2311 1009 2397 quaerentes
1034 2300 1182 2373 fatemur
1201 2322 1271 2375 nos
1292 2303 1329 2375 iu
1349 2308 1447 2373 unone

188 2411 292 2497 atque
312 2404 420 2473 exitio
438 2405 582 2476 versari.
615 2402 809 2478 Teneamus
827 2406 931 2495 igitur
950 2413 1052 2499 atque
1070 2401 1316 2496 intelligamus,
1337 2400 1446 2477 Sacra

187 2515 339 2577 mentum
361 2504 429 2577 boc
449 2504 572 2578 morbo
600 2526 641 2576 ac
662 2505 785 2578 dolore
812 2505 944 2578 allectis
963 2504 1164 2577 medicinam
1188 2527 1290 2595 esse,
1318 2504 1446 2599 diguita-

188 2612 327 2700 temque
350 2628 505 2696 omnem,
535 2627 635 2700 quam
657 2629 676 2677 a
698 2606 798 2681 nobis
819 2607 916 2680 Deus
937 2609 1097 2704 requirit,
1122 2609 1159 2678 in
1180 2629 1224 2680 eo
1248 2608 1399 2699 versum,
1415 2614 1447 2677 ut
1477 2600 1483 2611 ’

188 2709 420 2802 nosmetipsos
448 2708 733 2804 quemadmodum
759 2718 856 2781 recta
882 2711 969 2781 ratio
994 2709 1198 2807 praescribit
1228 2727 1448 2804 agnoscamus

188 2804 414 2903 doloremque
440 2810 624 2882 maximum
649 2833 691 2882 ac
717 2832 912 2883 moerorem
940 2834 987 2883 ex
1013 2813 1104 2885 vitiis
1129 2813 1260 2887 uostris
1286 2812 1448 2909 capiamus

185 2909 467 3008 voluptatemque
494 2921 529 2985 et
549 2911 711 2985 laetitiam
738 2934 874 2986 omnem
894 2916 930 2986 iu
955 2935 999 2986 eo
1026 2912 1249 2987 collocemus.

275 3046 425 3118 Primum
445 3049 550 3139 igitur
566 3046 669 3120 fidem
690 3048 876 3123 habeamus
898 3050 1094 3145 promissis,
1117 3070 1206 3145 quae
1227 3044 1387 3123 custus
1403 3046 1449 3121 le

185 3166 259 3232 sus,
279 3151 410 3220 veritas
432 3150 505 3243 ipsa
528 3160 690 3224 constans
714 3151 886 3240 stirme,
912 3151 1012 3224 nobis
1033 3151 1201 3223 ostendite
1226 3150 1328 3225 uelle
1346 3171 1386 3225 se
1404 3150 1450 3223 ui·

185 3246 312 3320 delicet
330 3271 414 3322 vere
437 3248 613 3325 nobiscum
633 3275 771 3325 carnem
793 3264 827 3326 et
848 3256 1049 3345 sauguinem
1069 3274 1169 3326 suum
1189 3256 1449 3339 communicare,

183 3360 221 3422 ut
246 3371 323 3423 cum
356 3361 464 3423 totum
497 3364 600 3449 atque
626 3358 796 3449 integrum
826 3355 1084 3452 possideamus,
1117 3357 1262 3452 ipseque
1294 3352 1448 3427 innubis

182 3454 298 3540 vivat,
327 3463 362 3525 et
387 3475 451 3526 nos
477 3456 512 3525 in
539 3456 611 3527 illo.
663 3455 709 3529 Et
736 3460 892 3554 quamvis
919 3457 1002 3528 nihil
1028 3459 1094 3530 nisi
1119 3479 1243 3553 panem
1268 3478 1314 3529 ac
1339 3460 1449 3529 uinum

181 3554 380 3628 videamus:
408 3558 544 3628 minime
565 3567 678 3628 tamen
699 3559 910 3648 dubitemus,
933 3562 1014 3654 quin
1036 3558 1259 3655 spiritualiter
1279 3560 1448 3631 inanimis

180 3661 308 3731 nostris
336 3658 370 3730 id
399 3679 500 3730 omne
532 3660 671 3754 impleat
697 3684 738 3732 ao
767 3661 939 3758 perficiat,
974 3660 1066 3758 quod
1093 3662 1314 3735 extrinsecus
1344 3664 1379 3733 iu
1401 3658 1449 3733 bis

181 3760 446 3851 aspectabilibus
473 3764 579 3853 signis
603 3773 862 3837 commonstrat:
890 3765 1002 3859 ipsum
1028 3762 1193 3837 videlicet
1220 3784 1347 3859 panem
1374 3782 1449 3837 esse

182 3858 388 3952 coelestema
416 3864 473 3959 qui
499 3884 564 3936 nos
587 3864 656 3936 alat
682 3888 723 3935 ac
751 3869 876 3937 nutriat
906 3866 1079 3937 advitam
1105 3875 1290 3937 aeternam.
1334 3864 1448 3961 ltaque

179 3979 224 4029 ne
246 3961 281 4029 in
300 3961 483 4039 bonitatem
502 3964 660 4038 infinitam
680 3967 818 4037 Domini
838 3970 961 4060 ingrati
980 3971 1099 4056 simus,
1121 3970 1231 4062 quiin
1249 3967 1447 4057 hacmeusu

180 4055 317 4134 divitias
340 4086 493 4162 opesque
515 4090 596 4142 suas
623 4089 743 4140 omnes
772 4073 934 4165 exponit,
961 4080 997 4141 ut
1020 4092 1079 4142 eas
1100 4070 1280 4143 uobiscum
1299 4090 1447 4143 commu-

178 4164 278 4236 nicet.
328 4162 436 4239 Nobis
464 4175 552 4242 enim
579 4192 660 4245 sese
687 4169 838 4263 largiens
866 4170 1134 4245 testificatores
1162 4172 1326 4268 quicquid
1348 4170 1449 4245 babet

178 4266 213 4334 in
244 4288 309 4340 nos
346 4268 564 4365 profundere.
629 4271 861 4358 Quamobrem
892 4272 1152 4348 Sacramentum
1188 4274 1256 4347 hoc
1288 4284 1449 4371 tanquam

176 4366 302 4461 pignus
325 4373 471 4444 iustitiae
493 4376 600 4469 ipsius
622 4378 848 4471 recipiamus,
871 4399 959 4473 quae
982 4376 1082 4450 nobis
1105 4380 1140 4449 vi
1162 4379 1283 4449 mortis
1305 4398 1350 4449 ac
1369 4398 1449 4472 sup·

175 4467 269 4561 plicii
296 4471 385 4546 illius
409 4474 643 4570 imputabitur,
672 4478 914 4557 nihilosecius
937 4501 1036 4576 quam
1059 4482 1088 4554 si
1108 4502 1152 4553 eo
1172 4479 1347 4576 supplicio
1368 4498 1447 4555 nos·
