2992 4926
830 244 854 311 s
886 272 891 279 .

288 438 386 502 llnltes
413 439 480 521 qnid
495 441 523 501 in
546 442 724 504 caerimoniis
750 443 884 503 Romanis
909 441 1101 522 improbandis
1126 439 1348 521 significaverint
1372 438 1470 500 lletcn

203 553 344 606 matures:
367 562 442 604 nune
457 544 525 623 quid
541 543 705 606 aiiirmando
729 545 765 606 de
783 545 860 607 cultu
882 543 977 605 divino
996 545 1143 605 statuerint
1164 543 1343 604 audiendum.
1373 541 1470 604 Lutbe·

202 649 279 709 ranis
302 664 470 725 persuasum
493 655 552 724 est,
576 656 607 707 ut
628 647 697 708 nihil
715 647 891 708 tolerandum
911 649 948 706 sit
969 647 1046 726 quod
1069 655 1167 726 aperte
1184 654 1294 725 pugnet
1310 663 1374 704 cum
1396 661 1472 705 saum

203 753 361 829 scriptura:
392 757 519 810 ceterum
541 751 685 829 accipiunt
705 750 884 811 traditionem
906 747 1050 825 ritualem,
1071 765 1166 828 neque
1187 747 1242 806 nisi
1262 746 1354 807 trahat
1373 764 1473 807 neces-

204 854 290 929 sitas,
319 854 492 914 anitiorum
515 852 723 914 consuetudine
745 851 892 914 recedunt.
936 851 960 910 E
984 851 1122 911 contraria
1146 859 1226 928 parte
1246 848 1421 910 Reformatis
1441 846 1477 910 td

204 956 346 1034 liturgiam
367 952 543 1015 condendam
560 972 667 1016 summa
682 965 711 1017 et
727 965 813 1036 caput
830 963 891 1032 est,
914 953 1023 1014 mvulos
1042 953 1212 1030 escriptura
1232 950 1376 1013 deducere
1390 961 1479 1031 atquc

204 1075 372 1133 uouemere,
398 1076 455 1118 nou
476 1057 569 1118 solum
590 1057 737 1120 doctrinae
759 1058 809 1119 sed
832 1059 963 1135 liturgiae
986 1057 1071 1116 etiam
1088 1055 1265 1116 lucidissimo
1279 1054 1369 1115 toute.
1401 1052 1482 1115 Nibtb

205 1160 302 1238 itaque
323 1157 418 1219 locum
439 1168 565 1219 meretur
592 1161 620 1220 in
642 1159 746 1220 ciliciis
775 1159 983 1221 ecclesiasticis
1005 1166 1203 1238 praeterquam
1230 1157 1298 1237 quid
1321 1165 1388 1237 apte
1410 1173 1481 1217 ocu-

206 1261 306 1322 cordet
329 1279 393 1321 cum
421 1278 521 1321 sacrae
550 1264 710 1341 scripturae
733 1265 844 1342 paginis
871 1271 901 1322 et
921 1262 1022 1321 literis.
1066 1261 1103 1320 m
1131 1278 1201 1320 vero
1229 1277 1294 1319 cum
1317 1258 1381 1320 libri
1404 1256 1484 1319 Noui

205 1362 344 1424 Foederis
371 1380 407 1423 eo
429 1372 559 1442 tempore
584 1365 739 1444 conscripti
763 1367 832 1442 siut,
861 1381 919 1444 quo
941 1362 1067 1424 ecclesia
1089 1372 1221 1444 quantum
1246 1361 1404 1422 admones
1430 1378 1478 1420 ex·

205 1476 303 1527 temus
332 1483 369 1525 ex
397 1481 563 1544 synagogae
593 1467 744 1547 disciplina
772 1465 895 1528 nondum
923 1474 1096 1542 emerserat,
1130 1463 1204 1524 haud
1233 1480 1351 1544 prorsus
1380 1461 1480 1523 suari

207 1568 299 1649 potuit
323 1563 455 1626 Iudaismi
478 1575 561 1645 nota,
591 1568 764 1630 Reformatis
791 1569 891 1629 ritibus
912 1571 1061 1647 impressa.
1104 1566 1225 1627 Accedit
1247 1575 1368 1646 angusta
1393 1582 1475 1646 quae·

207 1671 270 1731 mnu
293 1687 387 1730 rerum
409 1687 552 1730 sacrarum
574 1675 743 1750 pauperies:
774 1675 881 1750 quippe
904 1673 1036 1750 quoniam
1058 1669 1132 1730 liluer
1153 1669 1264 1729 divinus
1286 1671 1360 1729 ritus
1380 1684 1475 1729 sacros

205 1774 296 1834 rarius
320 1781 542 1851 commemorat,
566 1792 650 1854 quam
676 1783 706 1834 ut
725 1774 791 1834 inde
814 1773 880 1834 elici
901 1775 995 1852 possit
1015 1791 1049 1832 ac
1068 1772 1240 1833 conformari
1262 1771 1377 1851 liturgia
1399 1769 1471 1832 cun

207 1877 306 1937 stiana.
1006 1950 1009 1957 ἢ

292 1973 367 2037 Sane
394 1993 466 2037 vero
496 1976 574 2058 quod
601 1978 798 2058 imputavimus
826 1979 915 2038 sacris
944 1974 1117 2037 Reformatis
1150 1975 1294 2055 ingenium
1322 1970 1468 2052 Iudaicum,

208 2079 325 2142 minime
343 2078 519 2158 conspicitur
537 2081 566 2141 iu
583 2079 714 2161 largitate
732 2081 785 2143 sed
802 2084 831 2142 iu
848 2081 1027 2161 parsimonia.
1049 2078 1120 2139 Nam
1138 2080 1341 2156 caerimonias,
1359 2077 1494 2139 Vetusur

198 2181 331 2245 'Foederi
351 2192 504 2261 acceptas,
527 2193 558 2244 ut
580 2185 768 2264 paedagogos
789 2187 852 2264 ipsa
870 2183 974 2244 Christi
996 2183 1126 2242 interris
1148 2183 1368 2243 conversatione
1385 2190 1414 2242 et
1433 2198 1468 2242 sa·

208 2282 358 2346 arilicioin
373 2300 458 2342 cruce
471 2282 584 2362 oblato,
601 2285 729 2345 sublatos
741 2304 823 2362 esse,
840 2294 921 2347 recte
934 2284 1038 2344 docent
1050 2283 1184 2343 doctores
1194 2282 1369 2345 Reformati:
1385 2298 1469 2363 neque

207 2403 277 2449 nero
299 2384 383 2446 huius
408 2387 566 2448 sententiae
591 2388 692 2447 finibus
716 2388 808 2447 cultus
830 2389 940 2449 externi
962 2385 1105 2446 dastidium
1134 2384 1294 2446 includitur.
1340 2385 1487 2461 Quantum·

209 2509 246 2552 ex
269 2486 390 2551 hnmana
412 2487 607 2550 imbecillitate
629 2489 690 2550 lieri
718 2498 816 2567 potest
842 2509 940 2551 omnes
969 2490 1159 2550 caerimoniae
1181 2487 1313 2551 vitandae
1335 2478 1393 2550 vel'
1408 2489 1468 2550 aba·

208 2589 320 2654 lendae.
364 2589 440 2650 Vera
463 2586 569 2650 Christi
591 2590 732 2669 ecclesia,
763 2610 836 2671 quae
856 2592 949 2653 Deum
972 2590 1041 2652 colit
1063 2587 1100 2653 ἐν
1125 2582 1289 2672 πνεύματι
1315 2587 1371 2654 καὶ
1398 2583 1470 2672 clin-

208 2691 303 2776 ieiq,
328 2690 423 2773 quoad
449 2693 671 2772 mesopotamis
698 2693 848 2771 λατρείας
869 2696 1067 2754 vestimentum
1089 2701 1214 2754 sectatur
1237 2702 1371 2772 egentem
1392 2690 1489 2770 lruu,¹

209 2795 319 2875 speruit
346 2792 485 2856 croesum
513 2792 623 2854 luxuria
644 2793 825 2859 diluentem.
874 2794 958 2858 Coni.
983 2794 1066 2855 llelv.
1088 2791 1125 2854 ll.
1149 2792 1240 2856 Niem.
1266 2812 1295 2874 p.
1318 2793 1397 2858 530:
1422 2792 1470 2856 Ve-

210 2899 269 2959 teri
287 2897 401 2977 populo
420 2896 558 2957 traditae
576 2904 647 2956 suut
666 2899 822 2976 quaedam
844 2882 1068 2973 caerimoniae,
1099 2906 1133 2958 ul
1157 2898 1356 2977 paedagogia
1384 2913 1471 2977 quae·

212 2998 286 3061 dam
306 3001 348 3061 iis
367 3000 419 3077 qui
437 2997 493 3058 sub
511 2998 578 3076 lepe
597 2999 678 3060 uelut
692 3000 876 3082 paedagogo
898 3011 926 3065 et
946 3006 1045 3062 tutore
1068 3000 1202 3078 quodam
1217 3000 1472 3076 custodiebantur,
1490 3051 1494 3054 .

210 3103 269 3164 sed
288 3101 470 3163 adveniente
488 3097 609 3162 Christo
626 3101 808 3181 liberatore,
830 3104 956 3185 legeque
971 3103 1109 3178 sublata,
1132 3102 1241 3180 fideles
1256 3102 1314 3164 md
1330 3103 1398 3184 lege
1415 3120 1473 3166 an·

209 3205 293 3285 plius
313 3222 375 3267 non
394 3222 501 3264 mimus
521 3201 802 3284 disparueruntqne
823 3208 1047 3269 caerimoniae:
1069 3205 1200 3284 quasin
1221 3204 1354 3268 ecclesia
1368 3201 1475 3268 otest

212 3307 293 3369 adeo
313 3306 447 3367 retinere
468 3311 524 3366 aut
545 3324 700 3385 reparare
720 3309 881 3370 nolnrerunt
902 3304 1053 3388 Apostoli,
1084 3315 1118 3367 ut
1144 3312 1253 3386 aperte
1278 3309 1340 3370 sint
1367 3309 1474 3385 testati,

212 3428 246 3471 se
266 3408 382 3470 necllum
403 3427 480 3471 ortus
499 3407 577 3470 celle
597 3409 753 3488 imponere
780 3411 939 3473 eeclesiae.
983 3407 1118 3473 Proinde
1139 3407 1332 3471 Iudaismum
1357 3411 1476 3474 cidere·

213 3530 283 3572 mur
302 3510 455 3573 reducere
468 3500 531 3571 'aut
552 3513 734 3589 restituere,
765 3515 793 3574 si
817 3513 851 3573 in
873 3511 1006 3574 ecclesia
1028 3507 1142 3571 Christi
1163 3512 1208 3573 cd
1230 3530 1345 3573 morem
1370 3512 1477 3577 ceteris

150 3608 152 3613 ’
214 3615 365 3678 ecclesiae
387 3614 594 3675 caerimonias
615 3614 730 3676 ritnrsce
751 3614 1033 3694 multiplicaremus.
1063 3611 1199 3692 Ideoque
1220 3616 1343 3678 minime
1365 3634 1476 3697 apprc-

214 3715 324 3778 bamus
345 3735 449 3779 comum
468 3717 665 3795 sententiam,
688 3718 799 3797 quibus
818 3720 917 3780 cisum
945 3724 990 3779 est
1018 3716 1180 3777 ecclesiam
1208 3713 1322 3778 cuncti
1346 3716 1478 3783 celtiberi

213 3826 356 3897 oportere
379 3837 435 3880 ceu
453 3817 653 3898 paedagogia
674 3821 810 3897 quadum
833 3819 936 3880 multis
955 3821 1114 3898 coriisque
1134 3818 1252 3880 ritibus.
1279 3817 1360 3881 Nam
1381 3822 1479 3902 sipo-

211 3920 285 4000 pulo
301 3918 473 3983 Christiano
490 3917 629 3999 Apostoli
643 3922 848 3983 caerimonias
864 3923 915 3983 cel
930 3922 1009 3983 ritus
1024 3921 1168 3983 diuinitus
1181 3920 1313 3984 traditos
1326 3910 1481 4004 imponere

213 4023 390 4100 nummu,
410 4025 481 4102 quis
497 4041 552 4084 oro
572 4040 672 4083 sance
693 4024 800 4083 menda
818 4023 954 4084 obtrudit
980 4025 1026 4085 illi
1046 4024 1277 4086 adinventiones
1298 4025 1481 4092 adimentes

215 4123 397 4188 humanitem.
444 4121 564 4197 Quanto
594 4124 695 4203 magis
726 4124 848 4185 aceedit
876 4125 996 4187 crumulo
1021 4126 1134 4186 mirarum
1159 4127 1192 4186 in
1222 4125 1372 4202 ecclesia,
1399 4136 1481 4194 tante

214 4228 313 4309 magis
341 4226 516 4290 detruditur
540 4245 601 4288 non
628 4232 745 4287 tantum
768 4227 903 4288 libertati
929 4224 1141 4305 Cluristiauue,
1169 4227 1228 4288 sed
1255 4233 1285 4288 ei
1310 4225 1481 4295 censuit

216 4331 282 4392 eires
298 4328 390 4408 fidei:
413 4329 486 4390 dum
499 4329 610 4409 vulgus
629 4345 667 4391 ea
683 4331 805 4407 quaerit
817 4331 850 4391 in
868 4330 995 4407 nitidius,
1018 4345 1097 4410 quae
1115 4333 1278 4409 quaereret
1291 4331 1324 4390 in
1340 4332 1405 4394 solo
1422 4330 1481 4398 liei

214 4431 278 4511 filio
307 4429 380 4495 lesu
406 4426 534 4493 Cluen.
579 4429 804 4511 Sufficiunt
831 4434 965 4512 itaque
992 4434 1074 4513 piis
1102 4434 1237 4513 pauci,
1266 4434 1481 4515 moderati,

216 4533 419 4612 simplices
438 4551 507 4594 nec
527 4510 653 4594 al’ieni
674 4552 697 4595 o
715 4530 792 4596 liei
809 4535 930 4598 serbo
948 4536 1060 4599 ritus.
1104 4532 1261 4596 dccrbiora
1282 4535 1391 4613 passim
1415 4552 1481 4619 pao·
