2992 4926
826 207 851 277 8

188 410 273 475 nobis
301 419 400 473 natura
421 409 538 474 inditum
569 428 654 491 esse,
684 421 715 473 ut
736 429 790 492 per
812 419 929 473 externa
954 410 1096 490 rapiamur
1122 407 1158 473 ad
1182 409 1354 492 spiritualia,
1385 426 1456 490 quas

190 514 284 578 oculis
307 514 437 595 conspici
458 524 605 594 nequeunt
629 524 658 576 et
679 517 793 577 omnino
816 533 918 577 sensus
939 514 1102 592 suffugiunt.

274 616 364 678 Porro
385 618 446 696 his,
471 636 545 697 quae
565 617 652 679 modu
674 621 774 699 paucis
796 619 938 697 attigimus
955 618 1099 678 finitimum
1122 626 1166 678 est
1187 614 1262 678 aliud
1279 615 1458 676 {deformatae

191 718 336 783 ecclesiae
365 729 562 801 praeceptum.
611 721 642 783 Si
672 741 690 783 a
719 721 939 802 cogitationibus
966 721 1112 781 acerrimis
1139 729 1169 781 et
1191 719 1404 796 attentissimis,
1434 719 1458 779 in

190 823 284 884 Deum
305 832 335 884 et
355 842 403 884 res
417 822 526 884 divinas
549 822 661 885 collatis
683 825 825 887 abducunt
846 833 875 885 et
898 832 1055 902 revocant,
1087 841 1161 903 quae
1189 822 1282 883 oculis
1308 823 1458 898 cernimus,

190 944 265 1007 quas
287 926 403 987 auribus
423 928 634 1006 percipiuntur,
664 938 885 991 consentaneum
908 936 954 987 est
973 936 1049 987 artes
1078 925 1227 1006 expellere
1256 923 1460 986 eGhristianis

189 1029 299 1091 ritihus.
330 1027 442 1090 Etenim
460 1029 560 1089 artium
579 1038 624 1090 est
638 1030 784 1105 intendere
804 1050 907 1093 sensus
929 1030 964 1092 ad
987 1029 1200 1109 percipiendum
1223 1028 1301 1109 quod
1322 1028 1459 1108 pulcrum,

191 1130 269 1211 quod
291 1150 409 1210 verum,
431 1130 510 1211 quod
532 1131 655 1193 divinum
679 1143 734 1194 cst.
769 1131 869 1213 Itaque
892 1152 926 1194 ea
949 1135 1106 1194 sententiae
1127 1134 1317 1213 perpetuitate
1339 1150 1375 1193 ac
1395 1149 1461 1192 con·

190 1234 308 1311 stantia,
339 1252 393 1313 qua
416 1233 598 1295 Reformatae
624 1235 768 1297 ecclesiae
793 1246 889 1317 patres
919 1237 1047 1315 insignes
1075 1244 1155 1312 sunt,
1188 1235 1278 1295 bonas
1304 1243 1381 1295 artes
1407 1230 1469 1294 non'

192 1335 321 1398 damnant
345 1334 521 1417 quiden1),
547 1335 600 1398 sed
622 1341 772 1418 quominus
796 1339 888 1400 cultus
909 1338 1021 1399 divinus
1037 1339 1136 1398 artium
1155 1345 1253 1398 ornatu
1275 1339 1461 1413 contineatur,

136 1462 140 1470 ¹
190 1447 337 1499 retentet
360 1438 522 1518 prohibent.
565 1438 629 1501 Non
657 1451 725 1520 eget
748 1443 875 1503 ecclesia
900 1439 1057 1500 Reformati
1080 1438 1262 1516 architectis,
1286 1440 1334 1517 qui
1356 1439 1462 1518 mugni-

192 1542 248 1603 lico
275 1558 365 1620 opere
396 1541 584 1623 ecclesiarum
611 1543 703 1604 moles
732 1554 889 1606 exstruant:
916 1560 973 1604 nou
1001 1550 1081 1603 curat
1110 1550 1260 1602 encaustae
1284 1541 1395 1602 tabulas
1416 1540 1462 1602 rel

192 1661 266 1724 opus
289 1644 428 1705 mnsirrum
448 1643 496 1704 vei
521 1645 697 1724 sculptorum
721 1649 848 1709 artificia.
881 1645 962 1708 llaud
986 1653 1116 1706 tenentur
1140 1647 1249 1724 pictura
1272 1645 1348 1705 ocnli
1370 1663 1463 1725 neque

191 1765 275 1808 aures
301 1746 450 1825 cantibus,
479 1751 527 1826 qui
559 1756 620 1808 arte
644 1747 764 1829 quadam
791 1760 821 1810 et
849 1767 1020 1829 organorum
1049 1750 1129 1808 sonis
1156 1757 1335 1827 percrepant.
1381 1746 1464 1827 Ipsos

191 1857 311 1932 poetas,
335 1851 456 1927 hmanas
475 1859 504 1910 et
524 1853 646 1913 canuina
663 1870 744 1914 sacra
763 1854 933 1930 afferentes,
957 1860 1114 1914 aversatur:
1132 1850 1284 1911 ‘suidciunt
1299 1852 1391 1928 euim,
1416 1852 1463 1931 qni

193 1972 229 2015 ex
250 1954 394 2032 scriptura
420 1970 502 2015 sacra
532 1953 748 2035 depromuntur,
775 1956 875 2036 psalmi
904 1954 1044 2016 Dauidici.
1089 1951 1169 2014 Haec
1190 1955 1276 2033 igitur
1307 1954 1386 2014 frans
1411 1962 1464 2031 est,

192 2075 248 2139 qua
270 2056 367 2118 nubile
396 2055 465 2117 illud
493 2065 523 2117 et
550 2057 726 2137 praeclarum
757 2062 856 2121 artium
882 2078 986 2123 nomen
1013 2055 1147 2117 invadunt
1175 2056 1349 2133 Reformati,
1382 2067 1412 2118 ut
1439 2059 1465 2118 in

192 2159 297 2221 ciliciis
320 2158 422 2219 divinis
444 2169 521 2220 artes
544 2159 686 2222 hominum
708 2180 812 2223 sensus
833 2165 914 2243 quasi
936 2160 1068 2238 titillare,
1099 2159 1200 2220 blanda
1228 2162 1367 2221 suavitate
1396 2160 1464 2221 mul·

193 2280 277 2339 cere,
309 2278 325 2321 a
351 2260 417 2324 Deo
445 2261 589 2324 abducere
618 2264 797 2325 contendant.
842 2265 901 2325 Sed
934 2264 962 2324 id
990 2265 1051 2324 vitii
1079 2264 1185 2324 artibus
1212 2282 1269 2325 non
1297 2272 1395 2325 natura
1418 2263 1463 2326 ad·

191 2368 337 2443 iunctum,
361 2364 414 2427 sed
436 2367 606 2427 accersitum
627 2383 662 2428 ac
684 2377 832 2447 receptum
849 2384 935 2447 prava
959 2365 1174 2426 consuetudine.
1209 2364 1355 2446 ingenuae
1377 2379 1462 2447 artes,

192 2469 338 2551 singulare
372 2468 441 2532 illud
470 2469 591 2531 numinis
625 2469 813 2548 heneficium,
849 2489 895 2531 ex·
918 2469 1038 2530 omnium
1066 2469 1191 2548 gentium
1220 2484 1364 2530 consensu
1392 2469 1463 2532 hand

193 2582 291 2636 curent
312 2571 410 2633 afflatu
429 2570 552 2652 quodam
572 2570 692 2632 coelesti
715 2581 744 2632 et
761 2572 969 2653 propemodum
990 2570 1137 2651 divino.²)
1168 2569 1290 2645 Quaeris
1307 2591 1367 2652 quo
1381 2572 1462 2634 modo

194 2678 302 2758 optime
327 2675 452 2736 extemis
482 2673 583 2734 ritibus
603 2672 684 2733 Deus
714 2673 842 2737 colatur?
886 2673 961 2750 Quid
985 2671 1182 2752 pulcherrimis
1210 2673 1333 2752 artibus,
1363 2676 1461 2737 aDeo

195 2779 267 2840 datis
290 2777 401 2857 aptius,
431 2775 500 2855 quid
527 2777 788 2839 accommodatius?
832 2777 907 2853 Quid
938 2775 1016 2857 quod
1038 2774 1210 2836 Christianos
1232 2786 1308 2838 artes
1330 2777 1380 2840 ille
1401 2798 1460 2859 per·

193 2890 269 2944 meat
293 2890 322 2941 et
346 2881 446 2941 transit
468 2880 603 2958 spiritus,
630 2897 688 2960 quo
709 2889 768 2942 tota
790 2880 1014 2943 Christianorum
1037 2880 1137 2939 civitas
1159 2879 1332 2958 gubernatur
1354 2891 1384 2943 et
1405 2882 1460 2944 illu·

195 2981 320 3046 stratur‘l
333 2983 363 3065 ³)
406 2983 445 3044 Ut
467 2982 624 3044 summatim
649 2982 755 3045 dicam:
785 2985 880 3065 placet
899 2983 1085 3045 Lntheranum
1105 2980 1192 3061 illud,
1217 2983 1273 3044 hoc
1295 2983 1363 3046 loco
1384 3004 1460 3067 repe·

193 3126 412 3141 w

282 3223 311 3303 1)
335 3225 457 3297 Cinglius
472 3227 553 3298 hesp.
568 3226 602 3282 ad
617 3227 722 3283 Valent.
740 3246 767 3299 p.
783 3226 851 3284 238:
875 3229 1001 3285 venustis
1026 3227 1138 3301 picturis
1155 3237 1183 3285 et
1198 3229 1293 3285 statuis
1310 3220 1459 3290 artificiosis

199 3312 434 3386 quamplurimum
449 3329 516 3384 prae
532 3311 593 3367 aliis
612 3314 690 3370 soleo
708 3313 849 3373 delectari.
895 3313 969 3370 Geir.
983 3314 1048 3374 lust.
1067 3314 1129 3369 Chr.
1143 3316 1164 3370 l.
1183 3318 1222 3368 tl.
1240 3315 1281 3369 lh.
1318 3317 1411 3390 Neque
1425 3326 1460 3373 ta-

199 3415 261 3456 nuen
276 3415 308 3455 ea
323 3398 518 3472 superstitione
533 3404 647 3469 teneor,
669 3405 698 3455 nt
716 3401 803 3457 nullus
827 3416 942 3475 prorsus
956 3400 1091 3471 imagines
1111 3400 1238 3457 terendas
1254 3417 1397 3475 censeam,
1418 3403 1460 3461 sed

199 3485 261 3559 quia
276 3485 381 3558 pictura
398 3492 425 3540 et
439 3485 576 3557 sculptura
592 3485 663 3541 dona
683 3486 732 3542 Dei
748 3493 827 3559 sont,
850 3504 945 3560 purum
962 3495 990 3543 et
1004 3487 1153 3558 legitimum
1174 3488 1315 3561 utriusque
1331 3508 1408 3548 usum
1422 3506 1461 3547 re·

200 3587 288 3645 quaro.

283 3653 315 3731 t)
338 3656 431 3729 Neque
446 3656 480 3712 ah
495 3656 546 3711 hac
562 3657 696 3714 sententia
711 3658 849 3731 discrepat
864 3657 1007 3731 scriptura.
1050 3657 1136 3716 Exod.
1152 3658 1256 3730 XXXl,
1275 3660 1340 3714 ²—
1350 3666 1375 3725 5,
1397 3662 1463 3719 Ecce

200 3743 299 3801 rocavi
314 3760 349 3800 ex
363 3743 472 3799 numine
487 3742 612 3798 Beseleel
628 3750 655 3799 et
677 3744 787 3818 implevi
805 3762 864 3800 eum
884 3745 979 3818 spiritu
997 3745 1062 3815 Dei,
1085 3745 1218 3816 sapientia
1239 3753 1266 3802 et
1287 3746 1463 3820 iomtttgentr

201 3836 229 3887 et
243 3829 356 3886 scientia
371 3829 399 3886 in
414 3828 488 3885 omni
504 3844 608 3901 opere,
633 3829 668 3885 ad
687 3830 898 3902 excogitandum
912 3830 1041 3903 quidquid
1057 3831 1187 3887 iabriheri
1201 3838 1293 3903 potest
1308 3850 1344 3890 ex
1358 3851 1426 3892 auru
1441 3840 1464 3892 ut

201 3922 338 3987 urgento,
353 3920 381 3971 et
396 3932 477 3986 aere,
495 3930 630 3972 marmore
646 3923 674 3972 et
688 3916 801 3989 gemmis
816 3923 844 3973 et
858 3917 1018 3974 diuersitate
1034 3917 1178 3988 lignorum.
1223 3919 1259 3974 lli
1275 3921 1343 3991 Reg.
1357 3920 1411 3993 Ill,
1427 3922 1464 3977 15.

201 3999 378 4059 viritutum:
401 4001 475 4058 Nunc
494 4006 583 4057 autem
604 4001 729 4060 adducite
752 4003 875 4077 psaltem.
921 4004 1038 4076 Cumque
1060 4009 1172 4059 caneret
1187 4005 1308 4077 psaltes,
1333 4007 1406 4065 iacta
1428 4011 1466 4065 esi

202 4104 286 4161 snper
301 4104 361 4144 eum
372 4102 465 4142 manus
480 4087 596 4146 Domini.

287 4171 318 4248 3)
339 4173 411 4228 Bene
426 4173 591 4233 Tholuehius
605 4170 768 4249 (Prodigteu
783 4175 851 4232 uber
868 4177 953 4233 Texte
967 4175 1017 4232 der
1031 4174 1305 4246 Leidensgeschichte
1323 4177 1344 4235 l.
1360 4196 1390 4252 p.
1406 4174 1466 4258 56):

203 4259 296 4317 lituras
309 4274 364 4316 uon
376 4258 437 4314 dem
452 4259 595 4333 Saaerteig
610 4261 648 4318 ist
660 4260 687 4317 io
703 4259 749 4316 die
765 4260 851 4317 Xunst
866 4263 1044 4333 gehennam
1061 4263 1108 4317 hat
1118 4262 1216 4334 jemals
1228 4268 1306 4319 sonst
1318 4263 1362 4320 die
1374 4264 1467 4322 innare

204 4346 282 4403 Welt
296 4345 344 4402 des
362 4346 545 4403 henschenio
563 4347 613 4405 der
628 4347 713 4403 Xunst
727 4346 807 4403 moen
829 4348 942 4405 suichen
957 4348 1100 4406 Ausdruck
1119 4347 1274 4420 geinnden.
1298 4349 1338 4407 als
1354 4351 1409 4409 seit
1422 4351 1467 4407 der

204 4432 280 4503 leit,
304 4446 351 4489 wo
366 4431 412 4489 die
426 4432 529 4503 heiliga
547 4431 708 4490 Gcsclriclrte
723 4433 772 4489 des
787 4433 982 4505 Evangeliuurs
1004 4436 1046 4491 ittr
1064 4434 1113 4491 das
1130 4433 1193 4490 hied
1210 4435 1259 4490 der
1274 4435 1406 4511 Dichter,
1428 4438 1467 4494 iur

204 4517 259 4577 den
274 4518 363 4576 Pinsel
379 4519 427 4575 der
441 4519 570 4577 Xitnstler
584 4518 633 4577 das
648 4520 882 4594 unerschdpiliche
897 4522 994 4578 Thema
1017 4518 1170 4595 geworden
1192 4516 1250 4578 isti
1272 4521 1342 4580 Was
1361 4523 1400 4582 ist
1420 4524 1467 4581 der
