2992 4926
716 256 789 327 116

661 453 846 518 llinistsr.

200 578 367 651 Dominus
388 577 486 652 nobis
510 576 658 649 dilucide
679 587 942 666 commonstrat,
966 586 1091 671 quanta
1108 578 1144 649 in
1166 574 1334 649 foeditate
1355 582 1383 647 et

117 685 253 758 miseria
288 684 543 775 vitiositathue
576 683 768 774 nascimur,
805 702 907 776 quum
937 682 984 751 ait
1009 679 1109 752 nobis
1140 676 1383 753 renascendum

119 810 207 862 esse.
260 785 394 857 Etenim
416 786 445 856 si
471 794 624 856 naturam
652 794 804 857 nostram
831 787 994 856 renovari
1017 793 1173 880 oportet,
1203 793 1242 855 ut
1267 788 1304 855 in
1327 780 1383 854 ua

117 912 263 984 regnum
287 890 566 959 intromittamur:
594 890 678 961 satis
700 910 860 982 magnum
884 899 1120 980 argumentum
1143 896 1217 980 ast,
1240 908 1318 959 οιιιι
1332 908 1382 982 pc

118 998 208 1068 nitus
226 1001 421 1088 corruptam
442 988 590 1084 Deoqne
613 991 849 1064 detestabilem
872 1012 972 1088 csse..
994 990 1113 1087 ltaque
1136 989 1203 1063 lrac
1224 992 1269 1063 de
1289 1009 1381 1061 causa

119 1106 235 1170 monet
257 1117 341 1183 nos,
370 1105 405 1166 ut
425 1096 605 1165 summisso
633 1105 668 1166 et
694 1093 810 1167 humili
838 1096 950 1166 animo
973 1097 1097 1184 simus,
1120 1103 1311 1190 nostraque
1330 1112 1381 1165 nc

118 1200 171 1273 bis
192 1197 367 1296 turpitudo
391 1195 568 1268 acerbitati
591 1207 627 1268 et
650 1196 729 1268 odio
753 1202 805 1271 sit.
857 1195 977 1293 anue
1005 1199 1139 1269 ratione
1160 1216 1228 1269 nos
1253 1195 1298 1268 ad
1316 1216 1382 1291 gr*

119 1307 198 1374 tiam
224 1303 332 1398 ipsius
359 1296 587 1396 expetendam
611 1311 814 1396 praeparat,
845 1320 910 1395 qua
937 1303 1063 1397 prioris
1088 1307 1234 1372 naturae
1253 1308 1383 1375 noma

119 1407 332 1501 perversitas
355 1412 389 1473 et
410 1401 593 1494 indignitas
612 1404 833 1495 extinguatur
854 1413 889 1474 ct
904 1402 1055 1476 funditus
1077 1400 1245 1475 deleatur.
1272 1398 1383 1497 Neque

120 1509 209 1578 enim
231 1506 378 1602 priusei
399 1503 497 1575 locus
519 1512 572 1574 est
592 1506 626 1574 in
646 1503 764 1592 nobis,
788 1506 852 1576 nisi
876 1527 977 1599 quum
1002 1507 1105 1577 totins
1124 1516 1268 1578 nostrae
1289 1506 1383 1577 ι’ἰιῑιι

120 1612 183 1697 tis,
206 1609 375 1696 iustitiae,
405 1608 593 1702 sapientiae
611 1604 767 1677 fiduciam
789 1628 900 1701 usquo
919 1628 962 1679 eo
980 1605 1176 1699 obiicimus,
1208 1615 1266 1697 ot,
1293 1624 1384 1702 quse

121 1731 256 1805 cunque
277 1712 311 1779 in
331 1706 431 1780 nohis
454 1718 552 1797 sunt,
577 1707 775 1782 damnemus
798 1732 839 1780 ac
860 1709 1089 1806 repudiemus.

139 1902 142 1910 ,
207 1828 317 1900 Ροιιο
345 1837 458 1899 antem
483 1826 541 1899 ubi
563 1838 714 1901 nostram
734 1826 834 1900 nobis
858 1826 1098 1925 turpitudinem
1126 1825 1384 1921 foeditatemque

123 1933 255 2030 aperuit
275 1953 316 2001 ao
338 1932 639 2025 commonstravit,
662 1940 731 2002 tum
755 1928 1027 2003 consolationem
1048 1929 1148 2003 nobis
1168 1949 1234 2026 pro
1256 1950 1319 2001 sua
1335 1928 1385 1999 mi

121 2033 311 2109 sericordia
331 2035 500 2128 impertit,
530 2033 701 2127 pollicens
729 2033 807 2105 lore
830 2044 866 2104 ut
882 2032 1019 2128 ,Spiritu
1041 2054 1105 2105 suo
1129 2040 1251 2105 sancto
1274 2032 1386 2103 nosin

120 2140 224 2210 vitam
248 2136 389 2205 alteram
413 2137 620 2225 exsuscitet,
647 2158 734 2229 quae
753 2134 853 2206 nobis
877 2138 974 2230 quasi
998 2138 1177 2227 ingressus
1196 2132 1333 2228 qnidam
1349 2134 1387 2205 sit

122 2242 156 2310 in
178 2240 285 2332 ipsius
306 2237 472 2328 Regnum.
519 2235 614 2307 llaec
639 2243 858 2329 regeneratio
882 2236 1040 2332 bipartita
1055 2248 1126 2310 cst:
1148 2257 1226 2308 nam
1248 2235 1387 2307 etnol‘s

121 2359 265 2433 prorsus
282 2336 550 2409 renunciandum
571 2350 645 2426 est,
673 2360 714 2409 ac
737 2361 850 2434 neque
868 2342 994 2411 rationi
1014 2360 1126 2435 neque
1148 2336 1319 2411 voluntati
1337 2358 1387 2409 ne

123 2552 271 2614 mentem
300 2544 515 2635 animumque
540 2554 693 2615 nostrum
719 2546 907 2639 sapientiae
935 2547 1152 2639 iustitiaeque
1179 2544 1249 2617 Dei
1279 2542 1387 2617 subiici

124 2653 278 2741 oportet,
301 2652 336 2715 et
356 2642 517 2738 quicquid
539 2666 586 2715 ex
605 2657 724 2718 nostro
743 2656 796 2720 est
811 2656 845 2718 st
867 2656 985 2720 nostra
1004 2668 1108 2719 carne
1130 2649 1310 2741 extinguit
1328 2654 1387 2719 turn

124 2756 305 2844 praeterea
321 2746 432 2817 lucem
452 2746 588 2817 Domini
608 2752 705 2843 sequi
728 2752 892 2821 convenit
912 2753 1056 2844 eiusque
1076 2752 1317 2822 sanctissimae
1335 2768 1387 2819 ao

125 2851 243 2921 luntati
266 2870 398 2921 morem
422 2871 567 2943 gerere,
591 2851 875 2945 quemadmodum
900 2854 975 2948 ipse
995 2850 1105 2922 verbo
1124 2873 1189 2924 suo
1211 2870 1281 2924 nos
1298 2850 1387 2924 dcccl

125 2949 322 3048 Spirituque
353 2973 416 3024 suo
448 2961 567 3025 sancto
602 2953 702 3025 uobis
738 2955 916 3050 praelucet
946 2956 1107 3048 viamque
1141 2962 1387 3030 commonstrat

123 3053 313 3150 Utrumque
342 3065 453 3127 autem
484 3054 550 3127 lroo
578 3058 612 3127 in
636 3055 785 3129 Domino
811 3067 930 3129 nostro
957 3056 1037 3131 lesu
1058 3055 1195 3132 Christo
1223 3057 1387 3156 impletum

126 3179 167 3228 ac
183 3156 374 3252 perlectum
402 3169 473 3251 cst,
501 3160 598 3230 ouius
627 3181 720 3232 mors
751 3168 786 3230 et
813 3162 931 3255 passio
958 3170 1083 3232 tantam
1113 3162 1184 3232 vim
1212 3159 1336 3251 habet,
1362 3168 1387 3231 ut

125 3280 201 3337 eam
221 3261 462 3355 participantes
484 3264 581 3355 quasi
604 3262 728 3356 sepulti
750 3274 893 3357 peccato
915 3265 1039 3352 simus,
1069 3272 1105 3335 at
1126 3265 1241 3338 carnis
1258 3274 1387 3338 nostm

126 3364 427 3456 concupiscentiae
450 3362 695 3435 mortificentur
717 3378 819 3459 atque
843 3369 1096 3459 extinguantur.
1149 3364 1226 3437 Huc
1253 3366 1387 3439 aceedit

126 3463 219 3559 quod
238 3465 274 3534 vi
295 3469 559 3536 resurrectionis
582 3469 688 3561 ipsius
712 3470 745 3538 in
763 3469 1013 3540 vitamnovam
1035 3470 1247 3559 excitamur,
1271 3488 1387 3567 quaes

126 3566 203 3639 Deo
234 3575 307 3656 est,
335 3576 501 3661 quatenus
526 3564 672 3663 Spiritus
696 3573 770 3641 eius
789 3590 854 3643 nos
880 3573 971 3664 regit
991 3591 1033 3641 ac
1052 3569 1274 3663 moderatur,
1305 3572 1387 3644 utin

126 3668 226 3741 nobis
250 3691 292 3741 aa
319 3690 425 3765 opera
451 3668 622 3766 perficiat,
657 3694 745 3767 quae
771 3654 821 3743 illi
843 3683 942 3766 grata
972 3682 1008 3744 et
1026 3684 1168 3771 accepta
1194 3675 1273 3747 sint.
1324 3670 1387 3751 Ηοι

126 3780 366 3868 tamencaput
392 3781 445 3843 est
475 3772 593 3846 salutis
621 3786 779 3869 nostrae,
806 3786 843 3846 ut
869 3776 968 3848 nobis
995 3775 1120 3848 delicta
1143 3779 1259 3849 omnia
1283 3787 1387 3849 nostra

80 3884 87 3891 '
127 3893 191 3967 pro
212 3894 273 3944 sna
291 3874 526 3947 misericordia
554 3875 747 3966 condonet,
775 3899 815 3947 ea
837 3877 937 3949 nobis
955 3899 1024 3951 non
1044 3882 1232 3975 imputans,
1259 3878 1322 3951 ssd
1341 3898 1387 3951 eo

126 3994 201 4043 rum
223 3980 420 4050 memoriam
443 3977 564 4050 delens
588 3988 690 4072 atque
712 3978 916 4070 obliterans,
950 4002 994 4052 ne
1023 3982 1159 4076 quando
1177 3980 1281 4054 nobis
1299 4004 1341 4053 ea
1366 3984 1387 4053 ir

127 4075 253 4146 iudicio
282 4075 372 4151 illius
392 4079 604 4151 obiiciantur.
641 4079 701 4153 llis
722 4082 878 4155 omnibus
899 4082 1076 4157 beneficiis
1095 4082 1277 4175 allicimur,
1299 4104 1387 4181 quun

126 4200 189 4272 per
215 4175 421 4273 Baptismum
446 4185 481 4252 in
508 4181 642 4279 Corpus
663 4181 843 4256 Ecclesiae
868 4207 932 4259 nos
964 4189 1091 4260 inserit.
1144 4184 1185 4258 ln
1212 4186 1284 4259 hoo
1312 4190 1387 4261 enin

128 4278 350 4352 Sacramento
371 4281 470 4356 nobis
492 4297 714 4380 peccatorum
732 4290 969 4360 remissionem
990 4286 1200 4363 testificatur.
1236 4287 1291 4363 ot
1312 4313 1387 4364 eam

127 4402 194 4475 que
221 4403 358 4452 causam
381 4404 490 4478 aquae
518 4392 652 4481 signum
679 4400 863 4485 notamque
891 4395 1052 4476 instituit,
1080 4390 1282 4485 significans
1300 4405 1387 4491 atqu<

125 4482 214 4555 adeo
230 4493 349 4578 aperte
365 4487 569 4580 ostendens,
588 4492 872 4585 quemadmodum
888 4514 932 4566 eo
955 4494 1127 4567 elemento
1140 4482 1311 4571 'nocuae
1329 4518 1387 4572 cor
