3022 4920
804 286 881 354 olo

204 494 356 568 cedimus
382 509 446 585 per
471 495 694 583 praesentes,
732 486 892 557 idoneum
919 483 1163 581 Presbyterum
1192 482 1238 555 de
1264 486 1452 579 temporcin
1480 478 1509 546 'a

204 608 337 692 tempus
369 590 566 662 nominandi
590 589 633 662 ad
664 588 947 679 deserviendum,
982 599 1016 660 et
1040 587 1155 659 diviua
1182 584 1300 658 officia
1333 588 1365 655 in
1388 583 1453 656 dicta
1498 605 1509 650 r

205 698 348 795 Capella
380 693 604 789 exequenda,
637 716 657 764 a
684 693 782 767 nobis
812 700 848 763 at
868 690 1137 766 Successoribus
1169 691 1300 763 uostris
1329 687 1370 758 de
1394 697 1454 758 ten-

204 823 291 899 pore
314 803 348 870 in
369 808 503 893 tempus
527 795 802 893 approbandum,
830 805 864 866 et
886 794 1145 867 licentiandum=
1173 792 1232 864 Ad
1255 790 1350 888 quod
1371 790 1456 863 dictus
1501 811 1509 855 r

206 914 367 978 strenuus
393 902 447 971 vir
470 899 566 971 Rich.
590 897 717 988 Smitlr,
744 897 922 973 Haeredes
946 909 980 971 et
1000 898 1178 990 Assignati
1200 899 1274 984 sui,
1304 904 1339 966 et
1360 893 1458 987 reliqui
1503 917 1509 959 a

206 1010 241 1078 in
262 1005 360 1099 dictis
381 1000 471 1075 Villa
492 1012 527 1074 et
545 1000 743 1091 Hamlettis,
767 1011 831 1074 etc.
852 1001 1077 1073 inhabitantes
1099 999 1143 1070 de
1164 1008 1324 1094 tempore
1346 999 1380 1066 in
1397 1005 1459 1067 ten
1504 1018 1509 1063 r

158 1114 164 1118 ’
205 1131 269 1205 pus
291 1110 326 1178 in
347 1105 496 1177 futurum
518 1107 666 1202 propriis
688 1106 759 1180 suis
780 1104 967 1200 sumptibus
989 1103 1114 1176 dictum
1137 1100 1385 1195 Presbpterum
1405 1102 1461 1170 sire
1506 1124 1509 1164 :

207 1219 360 1283 curatum
388 1211 423 1279 in
448 1207 568 1279 eadem
592 1206 733 1304 Capella
758 1206 1032 1295 deservientem,
1060 1215 1094 1276 et
1120 1203 1329 1276 authoritate
1353 1212 1462 1283 nostra,
1506 1226 1509 1268 t

207 1313 267 1386 vel
301 1332 542 1386 successorum
569 1320 785 1405 nostrorum,
813 1320 849 1382 ut
874 1310 1087 1407 praefertur,
1118 1305 1346 1403 approbatum
1379 1316 1412 1376 et
1437 1305 1464 1375 li·

208 1418 411 1504 centiatum,
443 1415 535 1486 alent
563 1424 598 1485 et
625 1414 857 1501 sustinebunt,
885 1436 926 1484 ac
954 1411 1101 1483 annuale
1127 1409 1335 1505 stipendium
1363 1408 1465 1501 viginti

207 1538 400 1590 marcarum
421 1514 461 1586 ad
485 1519 656 1588 minimum
678 1516 789 1588 eidem
803 1516 1015 1613 Presbytero
1035 1512 1095 1586 vel
1112 1523 1234 1585 curato
1249 1510 1465 1609 praestabunt

208 1631 244 1692 et
270 1619 409 1693 solvent
435 1617 477 1688 ad
505 1630 651 1712 quatuor
680 1620 801 1706 Festa3
838 1617 1029 1692 Natiuitatis
1059 1614 1201 1705 Christi,
1234 1616 1466 1688 Annunciatio-

111 1782 122 1787 -
208 1726 279 1812 nis3
305 1719 499 1795 Natiuitatis
523 1719 641 1794 Sancti
669 1721 829 1795 lobannis
855 1721 1044 1817 baptistam
1079 1729 1114 1790 et
1144 1717 1264 1792 Sancti
1293 1717 1466 1790 Michaelis

208 1846 271 1921 per
291 1823 455 1918 aequales
476 1827 672 1918 portiones,
699 1827 774 1898 sine
796 1824 866 1896 ulla
889 1834 1001 1895 tamen
1025 1823 1266 1914 diminutione,
1294 1820 1354 1894 vel
1376 1819 1467 1891 delal-

209 1929 342 2000 satione
369 1928 453 2000 iuris
475 1925 731 2016 Ecclesiastici,
760 1927 986 2016 decimarum,
1014 1926 1243 2015 oblationum,
1272 1924 1332 1996 val
1354 1922 1467 1995 obven-

208 2033 338 2102 tionum
361 2051 640 2125 quarumcunque
663 2030 706 2102 ad
730 2029 853 2101 dictam
873 2030 1065 2104 Ecclesiam
1084 2027 1324 2100 Parochialem
1344 2036 1467 2100 sanctae

209 2131 359 2220 Mariae,
394 2155 458 2207 seu
484 2133 527 2204 ad
557 2133 743 2206 Rectorem
774 2137 848 2206 eius
877 2157 941 2230 pro
974 2144 1129 2230 tempore
1159 2134 1387 2218 existentem,
1417 2148 1467 2224 pro

199 2235 312 2313 ,modo
336 2234 380 2307 de
402 2237 477 2307 iure
499 2235 559 2307 vel
583 2237 832 2309 consvetudine
855 2239 1079 2333 spectantium
1101 2257 1162 2309 seu
1187 2235 1435 2331 pertinentium.

312 2335 357 2408 Et
382 2339 526 2412 ulterius
547 2339 638 2434 quod
660 2362 724 2434 pro
747 2339 923 2434 sepultura
946 2343 980 2410 in
1005 2337 1145 2435 Capella
1168 2336 1366 2432 praedicta,
1393 2345 1426 2407 et
1444 2336 1468 2402 in

211 2442 326 2515 Charo
349 2463 411 2515 seu
434 2443 520 2513 mari
542 2442 717 2532 eiusdem,
748 2442 972 2538 omnibusque
994 2443 1068 2515 aliis
1089 2444 1124 2512 in
1146 2439 1236 2511 dicta
1261 2437 1403 2537 Capella
1423 2434 1469 2508 vel

211 2556 310 2617 extra
333 2544 514 2637 gerendis,
541 2545 661 2631 vadia,
690 2545 801 2641 quoad
825 2545 1005 2619 defunctos
1026 2547 1147 2616 tamin
1170 2543 1274 2614 domo
1297 2542 1379 2614 dicti
1398 2551 1468 2615 stre-

210 2652 269 2718 nui
291 2650 357 2718 viri
378 2646 474 2717 Rich.
497 2645 624 2735 Smith,
645 2646 839 2720 Haeredum
864 2660 898 2720 et
914 2650 1177 2741 Assignatorum
1202 2668 1363 2736 suoram,
1385 2664 1468 2739 quam

210 2751 244 2819 in
274 2747 362 2818 dicta
390 2747 499 2840 villa,
527 2749 725 2840 Hamlettis,
753 2762 816 2824 etc.
845 2752 988 2823 Rectori
1016 2752 1125 2822 dictae
1152 2748 1337 2822 Ecclesiae
1366 2747 1468 2819 blattis

210 2873 274 2948 pro
303 2859 459 2946 temporo
486 2854 665 2942 existenti,
693 2864 728 2925 et
755 2855 1015 2929 successoribus
1044 2857 1113 2927 suis
1142 2861 1175 2923 et
1202 2853 1400 2945 guardianis
1426 2871 1469 2920 re-

211 2956 386 3050 spective,
414 2963 448 3026 at
474 2954 623 3045 clerico,
651 2946 866 3052 caeterisque
890 2957 1053 3033 Ministris
1080 2957 1190 3028 dictae
1216 2954 1399 3029 Ecclesiae
1419 2954 1468 3024 Pa-

210 3056 372 3129 rochialis
393 3056 528 3128 debitae
551 3060 749 3148 solvantur,
770 3063 803 3131 in
826 3070 892 3131 tam
915 3063 1035 3159 amplis
1055 3059 1158 3132 modo
1178 3069 1212 3130 et
1230 3058 1362 3148 forma,
1385 3064 1469 3153 prout

210 3180 274 3254 pro
297 3159 481 3253 sepulturis
504 3164 537 3231 in
562 3160 677 3234 Charo
698 3185 760 3237 seu
788 3166 874 3235 intra
898 3163 1099 3253 Cancellos,
1127 3165 1317 3236 sanctiam
1345 3165 1379 3232 in
1404 3160 1472 3231 nasi

212 3260 301 3331 dicta
330 3259 511 3334 Ecclesiae
533 3262 704 3354 Matricis,
739 3266 830 3340 solvi
860 3278 1062 3340 consvetum
1091 3266 1173 3357 iaia,
1202 3275 1237 3336 et
1265 3276 1370 3361 prout
1395 3262 1473 3337 solui

211 3363 301 3437 solet
335 3373 370 3433 et
403 3365 546 3438 deberet
578 3370 607 3441 si
641 3390 812 3463 personae
846 3371 1043 3465 praedictae
1078 3373 1164 3441 intra
1203 3366 1390 3441 Cancellos
1422 3385 1472 3440 seu

211 3469 326 3537 navim
349 3465 459 3540 dictae
484 3467 635 3542 Matricis
657 3470 839 3545 Ecclesiae
863 3474 1018 3569 sepultae
1041 3473 1192 3546 luissent.

315 3567 414 3653 Quod
444 3575 473 3645 si
500 3583 613 3644 autem
644 3574 826 3670 aliquando
857 3576 1005 3648 deluerit
1034 3579 1067 3645 in
1095 3575 1184 3646 dicta
1212 3572 1359 3671 Capella
1387 3575 1473 3646 Pres-

211 3666 332 3766 byter,
361 3672 506 3748 Curatus
532 3676 684 3769 legitime
706 3702 769 3773 per
791 3701 856 3752 nos
879 3690 936 3751 aut
962 3701 1185 3753 successores
1211 3689 1355 3750 nostros
1384 3679 1474 3749 licen-

209 3776 311 3848 tintus
340 3786 374 3847 et
400 3778 626 3873 approbatus,
655 3792 735 3852 tunc
756 3782 951 3879 praedictus
974 3793 1132 3856 strenuus
1155 3780 1219 3852 Vir
1243 3780 1343 3852 Rich.
1368 3779 1474 3862 Smith,

210 3875 388 3952 Haeredes
412 3891 447 3951 et
468 3882 645 3975 Assignati
668 3887 720 3957 sui
743 3907 783 3955 ac
805 3886 929 3981 reliqui
952 3889 985 3957 in
1009 3886 1095 3959 diota
1118 3885 1220 3974 villa,
1249 3896 1285 3958 et
1308 3884 1475 3956 Hamlettis

211 3989 275 4050 etc.
322 3980 573 4079 Inhabitantes,
601 3986 641 4057 ad
673 3987 850 4059 Matricem
876 3988 1071 4062 Ecclesiam
1099 3992 1311 4079 convenire,
1340 4001 1398 4061 aut
1426 3987 1475 4057 ibi-

211 4081 287 4154 dem
315 4086 475 4178 precibus
503 4092 671 4163 interesse
697 4103 896 4182 teneantur,
930 4103 1032 4188 prout
1059 4104 1136 4164 anta
1163 4092 1342 4182 solebant,
1378 4094 1474 4164 donec

210 4185 300 4256 dicta
325 4185 466 4284 Capella
495 4192 537 4264 de
565 4195 717 4284 legitimo
747 4206 887 4287 curato,
915 4197 958 4268 ad
984 4196 1109 4268 ibidem
1138 4197 1254 4267 divina
1278 4193 1473 4268 celebranda

209 4287 334 4359 idoneo
361 4294 584 4386 provideatur
607 4308 640 4369 et
663 4298 752 4370 idem
785 4299 988 4372 admittatur.
1044 4299 1144 4383 Quod
1171 4301 1200 4371 si
1228 4311 1346 4371 autern
1374 4300 1473 4391 aliquo

208 4396 364 4485 tempore
391 4397 425 4465 in
457 4410 652 4493 posterum,
689 4402 781 4497 quod
808 4402 902 4477 Deus
937 4412 1089 4492 avertat,
1121 4425 1185 4498 per
1211 4407 1396 4477 continuos
1422 4418 1472 4474 seu

208 4509 345 4568 menses
380 4519 444 4592 per
477 4502 612 4598 culpam
643 4515 702 4577 aut
732 4506 976 4599 negligentiam
1009 4504 1305 4578 Parochianorum
1343 4502 1472 4579 deluerit
