2992 4926
718 228 769 299 54

134 448 138 459 ·
198 431 295 506 Deus
322 433 558 529 omnipotens,
590 432 694 505 Pater
718 432 900 520 eoelestis,
931 440 966 504 te
998 428 1242 504 exauditurum
1267 446 1378 527 preses

116 560 201 635 quus
228 535 289 608 tibi
314 538 510 608 innomine
537 534 652 608 dilecti
673 536 752 610 Filii
777 541 826 609 tui
853 533 932 609 lesu
961 534 1086 609 Christi
1112 533 1254 607 Domini
1283 532 1379 605 nomi

115 640 356 728 funderemus,
374 640 473 711 nobis
493 640 666 736 pollicitus
682 664 738 729 es3
762 651 796 712 et
810 664 886 713 cum
900 640 941 712 ab
964 640 1025 712 illo
1047 648 1116 710 tum
1136 636 1181 710 ub
1204 637 1282 711 eius
1294 634 1378 734 Ape»

117 745 236 835 stolis,
257 766 360 818 uuum
372 747 408 816 in
425 744 538 816 locum
552 745 652 817 nobis
674 748 707 816 in
723 747 796 816 eius
810 748 947 818 nomine
962 739 1240 816 conveniendum
1253 736 1376 835 esse'),

118 849 394 936 edoceremus,
420 845 532 919 addita
560 851 661 920 etiam
687 849 934 944 promissionea
962 848 1039 920 iore
1065 868 1143 919 eum
1164 844 1267 919 uobis
1291 860 1378 943 prus·

117 963 270 1044 sentem,
299 961 336 1024 ut
365 949 454 1049 apud
487 959 521 1022 te
552 973 616 1048 pro
651 952 750 1024 nobis
782 951 991 1042 intercedat,
1021 953 1250 1048 impetratque
1279 948 1379 1021 ouen

118 1080 207 1155 quae
232 1056 382 1128 unanimi
408 1076 581 1128 consensu
603 1079 622 1127 a
646 1065 679 1127 te
701 1058 899 1153 petierimus
922 1077 1025 1154 super
1050 1064 1189 1127 terram

198 1160 334 1249 Primo,
353 1181 416 1257 pro
431 1161 491 1248 iis,
513 1180 600 1255 quos
615 1158 714 1232 nobis
727 1159 960 1233 dominatores
976 1169 1010 1231 et
1024 1156 1278 1253 gubernatores
1290 1172 1379 1253 prte-

118 1264 250 1351 ieoisti‚
272 1264 407 1361 precari
434 1284 499 1335 uos
526 1262 641 1355 iubes3
669 1262 792 1335 deinde
819 1285 906 1335 vero
932 1284 997 1360 pro
1020 1260 1196 1350 omuibus,
1220 1278 1309 1357 quae
1327 1276 1381 1355 pn

118 1369 202 1467 pulo
229 1377 289 1439 tuo
316 1376 420 1463 atque
453 1364 542 1439 adeo
571 1368 701 1440 eunctis
728 1366 929 1439 mortalibus
958 1366 1155 1438 necessaria
1184 1370 1285 1452 suut,
1311 1362 1381 1457 supss

119 1473 229 1569 pliees
256 1468 300 1542 ad
326 1480 360 1542 te
383 1468 562 1542 accedere.
602 1469 686 1543 Tuis
709 1472 812 1564 igitur
839 1472 1068 1543 sacrosanctis
1089 1468 1289 1565 praeceptis
1311 1482 1381 1563 pru

120 1572 409 1670 missionibusque
431 1572 527 1662 freti,
555 1573 829 1669 quandoquidem
856 1575 890 1644 in
913 1582 1135 1668 conspertum
1155 1580 1253 1644 tuum
1278 1564 1382 1667 prodi·

121 1699 217 1769 mus,
247 1678 445 1749 innomine
472 1676 551 1748 Filii
577 1680 625 1748 tui
651 1677 789 1749 Domini
811 1679 920 1751 nostri
947 1675 1028 1749 lesu
1055 1675 1281 1769 congregati,
1312 1692 1382 1769 sup·

121 1783 231 1882 plioes
252 1789 287 1853 et
313 1802 359 1852 ex
381 1782 493 1852 animo
521 1802 704 1874 rogamum
728 1782 823 1854 Deus
842 1791 876 1854 et
896 1780 999 1852 Pater
1028 1782 1174 1877 optime,
1199 1776 1383 1849 innomine

122 1884 296 1975 eiusdem,
319 1885 377 1980 qui
397 1880 565 1956 Servabor
586 1894 705 1957 noster
732 1894 767 1956 et
792 1883 962 1957 Mediator
987 1886 1108 1959 uuious
1132 1892 1205 1970 est,
1232 1890 1272 1953 ut
1289 1876 1384 1976 (quse

121 2002 178 2063 tua
203 2000 257 2063 est
278 1989 444 2060 immensu
465 1987 662 2085 elementia)
684 1988 783 2063 nobis
809 1997 950 2085 peecata
978 1995 1097 2062 nostra
1120 1983 1321 2059 ooudouare
1341 1990 1384 2053 at·

123 2114 189 2189 que
212 2092 258 2165 ita
285 2093 513 2185 cogitationes
535 2100 673 2165 nostras
700 2091 741 2164 ad
774 2102 810 2164 te
837 2092 1008 2164 attrahere
1036 2084 1253 2187 digneris')‚
1284 2096 1324 2161 ut
1345 2106 1384 2157 ax

122 2197 248 2270 intimis
271 2194 387 2267 oordis
414 2193 647 2291 penetralibus
666 2198 831 2268 invocare
852 2207 886 2269 te
907 2198 1098 2294 possimus,
1126 2216 1170 2266 ea
1191 2195 1290 2267 iu're
1312 2198 1384 2263 uota

122 2308 240 2372 nostru
266 2296 310 2368 ad
337 2296 539 2393 obsequium
565 2307 646 2370 tuae
672 2299 857 2374 voluntatis
884 2299 1091 2390 formantes,
1121 2318 1212 2394 quae
1237 2296 1314 2373 sola
1337 2312 1384 2367 re

123 2402 208 2475 tioni
229 2410 460 2476 consentanea
489 2410 550 2473 est.

209 2503 285 2577 Tibi
306 2506 411 2600 igitur
432 2526 557 2602 preces
584 2504 773 2595 fundimus,
806 2506 909 2578 Pater
935 2506 1120 2595 eoelestis,
1146 2524 1212 2602 pro
1240 2490 1384 2577 ouudtut

124 2608 333 2705 prinoipibus
361 2620 397 2680 et
423 2609 694 2702 magistratibus,
723 2632 865 2705 quorum
890 2612 1078 2685 ministerio
1109 2607 1153 2681 ad
1178 2630 1246 2685 uos
1271 2606 1384 2703 guber·

124 2710 257 2785 nendos
279 2714 395 2787 uteris.
449 2712 667 2786 Potissimum
695 2736 783 2786 vero
814 2735 876 2810 pro
904 2713 1003 2788 buius
1024 2713 1118 2788 urbis
1145 2704 1384 2805 Praeieetis'),

125 2826 161 2888 ut
183 2812 346 2911 Spiritum
367 2825 480 2906 tuum,
505 2819 563 2910 qui
590 2816 688 2891 solus
707 2817 817 2891 bonus
841 2825 894 2889 est
920 2829 954 2889 et
976 2839 1063 2889 vere
1087 2816 1308 2915 principalis,
1333 2814 1384 2885 ιιι

124 2922 243 3016 pertiri
269 2920 337 2991 illis
359 2930 464 3016 atque
486 2922 521 2990 iu
548 2921 621 2993 dies
645 2943 776 3015 augere
797 2920 967 3014 digneris,
994 2920 1082 2993 adeo
1108 2931 1146 2992 ut
1162 2919 1279 2995 lesuru
1299 2914 1384 2990 curu

126 3031 214 3097 stum
234 3020 357 3094 Filium
380 3034 493 3113 tuum,
517 3023 700 3097 Dominum
726 3034 899 3115 nostrum,
923 3025 1181 3097 [luminatorem
1209 3022 1383 3098 domum

127 3148 201 3199 rum
224 3123 429 3223 Regemque
455 3149 576 3221 regum
610 3150 689 3203 esse
713 3138 809 3199 certo
831 3149 1032 3223 persuasum
1061 3126 1248 3216 babentes,
1280 3142 1382 3223 pue·-

129 3229 310 3302 admodum
327 3239 363 3302 tu
386 3231 481 3302 illum
505 3234 595 3304 omni
614 3242 786 3329 potestate
806 3234 841 3302 in
861 3232 961 3303 coelo
984 3242 1019 3303 et
1041 3235 1075 3303 in
1096 3242 1190 3304 terra
1213 3228 1379 3314 douuv'uti,

129 3335 232 3406 itaet
258 3335 323 3431 ipsi
347 3337 383 3405 iu
405 3357 469 3408 suo
496 3338 685 3433 principatu
710 3335 835 3407 uultum
862 3332 954 3408 illius
989 3345 1023 3407 et
1048 3336 1148 3427 regni
1177 3336 1254 3409 eiue
1279 3330 1377 3429 anpli-

128 3434 322 3510 ficationem
348 3436 414 3511 sibi
432 3449 511 3511 ante
533 3441 645 3510 omnia
666 3448 859 3535 proponant
871 3434 920 3534 ⁴),
941 3460 1023 3512 suos
1043 3437 1198 3513 subditos
1219 3436 1301 3533 (qui
1317 3438 1378 3511 sunt

128 3562 288 3613 manuum
315 3551 449 3614 tuarum
478 3540 611 3639 opificia
639 3552 674 3613 et
706 3563 912 3638 pascuorum
946 3552 1082 3615 tuorum
1110 3539 1215 3639 oves)
1244 3546 1376 3639 protus

129 3646 269 3718 arbitrio
297 3645 549 3741 gubernantes,
576 3655 612 3717 ut
640 3654 673 3717 et
697 3644 752 3715 hie
779 3635 813 3716 et
838 3647 872 3716 iu
899 3644 966 3716 alia
994 3642 1145 3742 qualibet
1170 3642 1265 3719 orbis
1289 3653 1376 3717 turm

130 3770 205 3819 rum
226 3760 324 3846 parte
351 3771 437 3847 pace
460 3748 573 3824 stabili
599 3748 754 3822 fruentes
780 3758 815 3821 te
843 3771 918 3822 oum
946 3751 1037 3823 omui
1059 3749 1262 3824 suntimouiu
1281 3758 1315 3825 st
1331 3765 1377 3845 pt·

131 4125 149 4183 (1
219 4031 248 4114 Ι)
266 4036 333 4095 Gall.
349 4040 384 4098 de
399 4057 469 4100 noue
484 4039 635 4098 assembler
650 4055 684 4095 en
700 4053 751 4095 sou
765 4054 844 4109 nom,
857 4054 925 4095 aneo
939 4053 1082 4113 promeeee
1098 4033 1165 4110 qu'il
1179 4054 1245 4097 sera
1260 4052 1295 4097 ιιι
1307 4034 1381 4095 nite

151 4143 166 4182 e
182 4139 261 4186 nous.

216 4224 247 4304 ι)
270 4222 339 4284 Gall.
354 4233 382 4283 et
396 4228 536 4288 tellement
551 4226 647 4285 attirer
663 4232 690 4283 et
706 4225 799 4283 elever
814 4226 829 4281 a
845 4224 886 4283 toi
900 4240 951 4283 noe
964 4227 1082 4299 peusbee
1095 4230 1125 4283 et
1138 4239 1191 4283 uos
1206 4224 1309 4287 dda'rs.

215 4327 247 4407 3)
269 4327 337 4388 Gall.
352 4343 421 4404 pour
435 4336 497 4390 tous
513 4330 624 4389 Prinoee
639 4336 668 4387 et
684 4329 835 4399 Seigneurs
850 4333 892 4383 tea
906 4327 1071 4400 serviteurs,
1091 4328 1224 4403 auquele
1236 4334 1268 4387 tu
1283 4344 1316 4388 ιι
1326 4342 1384 4388 ιιι

131 4415 182 4475 mie
196 4415 224 4473 le
238 4415 344 4487 regine
358 4414 392 4472 de
409 4421 436 4473 tu
446 4417 549 4488 justine
563 4423 591 4475 et
604 4414 827 4489 siugulitremeut
840 4429 911 4487 pour
926 4413 957 4472 ll.
972 4414 1004 4471 ll.

216 4515 247 4595 t)
263 4516 332 4577 (iuli.
346 4516 383 4577 ile
395 4516 545 4577 obstabant
558 4517 593 4576 de
606 4519 633 4578 le
649 4517 740 4579 servir
753 4525 782 4577 et
796 4520 902 4578 exalter
915 4532 968 4577 sou
980 4534 1068 4593 regua
1082 4518 1379 4582 saburniano
