2992 4926
782 186 858 292 aas

180 433 227 488 est
253 424 397 502 diadema,
429 423 578 487 Puritanos
610 422 646 485 ad
678 440 761 503 spem
789 422 891 485 erexit.
941 420 1115 502 cogitabant
1142 421 1180 483 de
1206 438 1282 502 rege
1308 420 1437 485 &olom
1470 404 1485 441 ‘¹

182 525 287 588 llnoxii
309 536 340 586 et
360 525 521 588 buchanani
542 526 678 604 auspiciis
701 523 840 602 educato,
870 522 1153 601 Presbyterianorum
1174 533 1287 585 sectam
1311 503 1488 613 ριοῐαωε’“”

184 637 213 690 at
234 626 432 706 negligebant,
454 624 532 708 quod
553 627 752 706 gravissimum
781 635 858 704 erat,
887 627 1045 705 principem
1073 627 1128 686 iam
1162 624 1269 686 dudam
1299 622 1487 687 zeraam-⁴

183 729 325 792 clamores
356 740 443 809 atque
475 731 591 808 injurias
621 726 708 790 inulte
739 728 841 788 tulisse
869 744 904 788 ac
928 727 1111 789 sustinuisse.
1162 725 1265 807 ltaque
1295 744 1358 787 cun
1380 724 1442 787 mdc
1474 708 1488 745 '³

183 830 464 913 Presbyterianorum
489 840 619 894 oratores
641 850 758 910 regem,
781 832 829 893 via
852 828 954 910 pedem
972 831 1001 890 in
1021 847 1142 908 regnam
1160 818 1346 906 inferentem,
1367 829 1442 908 proti
1480 812 1488 850 ³·

185 934 238 995 bus
260 933 419 1012 llagitarent
440 933 666 1012 (themillenary
682 933 829 1012 petition),
852 940 882 991 nt
903 929 1068 992 aboleretur
1089 932 1278 993 obstetricum
1293 931 1442 1010 baptismus,
1476 944 1481 952 '

185 1033 304 1095 annulus
324 1035 503 1111 matrimonii,
527 1033 714 1110 confirmatio,
739 1032 860 1093 biretum
883 1041 913 1092 et
928 1032 1176 1112 superpelliceum
1200 1032 1387 1107 olorinorum,
1405 1048 1443 1110 pc
1477 1017 1482 1051 '³

183 1134 310 1197 nullexio
341 1136 369 1195 in
398 1137 511 1195 nomine
533 1133 598 1195 lcsu
624 1132 772 1210 iacienda,
806 1133 942 1194 librorum
970 1133 1202 1214 apocryphorum
1235 1151 1325 1211 usus,
1356 1131 1444 1193 dmm
1478 1123 1483 1137 '

186 1237 325 1298 lectorum
345 1237 527 1298 observatio:
555 1234 678 1297 lacobus
701 1237 836 1296 evocavit
856 1243 886 1294 et
910 1233 1087 1312 hoglicanae
1105 1233 1252 1296 ecclesiae
1273 1233 1445 1295 andstitcsat

186 1337 335 1399 Puritanos
372 1337 406 1398 ad
438 1338 634 1416 colloquium,
664 1337 852 1417 Hnrnptoniac
885 1335 1096 1396 instituendum.
1113 1335 1141 1416 ¹)
1197 1334 1268 1416 lpse
1298 1353 1350 1395 rex
1375 1332 1447 1395 adlul
1479 1326 1488 1362 ⁵

186 1438 369 1517 disputationi
404 1437 486 1516 (xlv
512 1477 555 1485 —
581 1439 634 1498 XV
663 1436 722 1499 lan.
754 1436 851 1516 root)
884 1455 940 1497 nec
966 1439 1049 1497 testis
1083 1437 1194 1516 solum,
1229 1437 1284 1498 scd
1312 1435 1445 1498 acerrimus

189 1540 273 1598 etiam
295 1537 471 1616 Anglicanaa
507 1538 637 1616 liturgiae
670 1538 775 1599 vindex
807 1548 836 1598 et
868 1547 1012 1617 patronus.
1056 1539 1094 1599 Ut
1116 1539 1197 1600 brevi
1220 1536 1333 1615 dicam,
1354 1538 1445 1596 reiecit
1472 1528 1488 1607 s

186 1638 469 1714 Presbyterlanorum
488 1639 598 1717 libello,
620 1659 671 1700 rex
696 1657 841 1719 perpauca
857 1647 963 1700 lantum
979 1642 1133 1719 proposuit
1153 1641 1181 1699 iu
1199 1638 1309 1699 melius
1325 1634 1444 1698 mamb
1473 1610 1482 1687 l

186 1739 325 1802 iluimus
348 1740 465 1819 plausus
488 1759 551 1801 cunr
571 1743 705 1820 impertiti
726 1744 782 1803 sint
802 1739 909 1802 lacobc
931 1742 1064 1821 episcopi
1084 1749 1170 1820 atque
1192 1739 1341 1817 doctores,
1361 1736 1446 1818 prodi
1474 1690 1483 1769 ἱ

187 1858 262 1903 nova
283 1841 404 1903 Ritualis
418 1841 567 1922 Anglicani
591 1843 679 1904 editio
702 1842 796 1922 (Χίης
819 1840 951 1905 lomes's
972 1841 1056 1904 Bools
1077 1861 1116 1904 os
1132 1842 1244 1904 settled
1262 1851 1298 1904 ot
1314 1839 1445 1919 nespas
1476 1832 1481 1851 ²

190 1941 421 2025 unterloch),
448 1946 476 2005 in
506 1944 635 2005 formulis
657 1945 845 2006 absolutionis
872 1952 902 2003 et
925 1942 1154 2004 Confirmationis
1179 1960 1235 2003 nec
1256 1959 1315 2003 non
1336 1942 1364 2003 in
1383 1957 1445 2021 prro
1485 1978 1488 1985 ·

189 2047 282 2123 ceptis
316 2044 352 2105 de
390 2045 532 2125 baptismo
563 2063 580 2106 a
611 2045 778 2107 mulieribus
812 2063 880 2106 casu
909 2047 1091 2107 necessitatis
1123 2043 1292 2124 peragendo
1325 2041 1446 2124 prioribus
1486 2034 1488 2039 ’

188 2145 390 2225 aliquantulum
413 2145 538 2207 dissona.

274 2261 332 2323 lam
355 2279 425 2323 vcro
446 2279 551 2323 nouum
573 2262 659 2342 idque
681 2263 783 2341 ingens
805 2260 961 2342 periculum
983 2262 1105 2325 instabat
1126 2280 1143 2322 a
1167 2260 1308 2323 lusitanis
1330 2258 1447 2338 tempori·

190 2364 244 2426 bus
267 2362 363 2425 Caroli
384 2365 482 2443 regis,
504 2365 587 2424 huius
609 2365 732 2424 nominis
755 2365 846 2442 priori,
889 2363 960 2425 Nam
990 2366 1109 2444 pristino
1129 2363 1197 2425 odio
1218 2381 1353 2442 magnum
1372 2359 1447 2421 trun

192 2476 238 2526 cst
267 2468 470 2527 incrementum
499 2484 552 2546 per
581 2464 750 2526 Guilelmum
769 2464 921 2541 laudium,
947 2465 1196 2545 archiepiscopum
1224 2462 1449 2525 Cascantenses.

193 2564 222 2626 ls
243 2567 328 2641 enim,
354 2575 384 2625 ut
402 2576 462 2626 erat
484 2565 814 2645 ecclesiaehnglicanae
836 2577 969 2628 strenuus
992 2566 1140 2645 defensor,
1163 2584 1264 2627 eornm
1286 2566 1336 2646 qui
1356 2562 1448 2624 dissen-

191 2667 308 2744 tiebant,
332 2666 462 2748 capitalis
484 2666 681 2745 adversarius,
711 2669 740 2728 in
761 2687 793 2728 re
812 2667 904 2729 rituali
926 2670 953 2728 in
975 2667 1120 2728 Romanos
1150 2684 1266 2729 errores
1297 2664 1450 2747 propensior

192 2766 303 2848 impulit
325 2786 423 2846 regem
443 2770 471 2828 in
488 2769 674 2828 certissimam
691 2785 772 2848 spem
794 2768 970 2847 Anglicanae
992 2767 1124 2846 liturgiae
1145 2767 1243 2828 Sectis
1264 2762 1450 2828 obtrudendas.

192 2868 324 2931 laudato
346 2872 428 2949 regio
440 2870 591 2931 scoticana
613 2870 739 2931 ecclesia
760 2873 947 2932 caerimonias
968 2871 1089 2931 maxime
1110 2869 1230 2931 infestas
1245 2871 1378 2949 recipere
1390 2869 1452 2927 ina

193 2982 248 3050 est,
271 2990 374 3033 novum
389 2972 512 3050 Rituale,
536 2992 552 3033 a
573 2971 678 3033 Laudic
699 2973 861 3034 conlectum
877 2972 1036 3051 Anglicano
1052 2970 1201 3033 admodum
1220 2971 1316 3032 simile
1338 2965 1452 3050 (iblillt

193 3073 281 3155 quod,
306 3084 438 3154 quantum
460 3074 594 3135 tumultus
616 3093 650 3136 ac
667 3073 812 3153 procellae
828 3076 1009 3153 excitaverit,
1031 3091 1088 3135 oon
1109 3075 1200 3135 nostri
1215 3074 1343 3134 muneris
1357 3081 1400 3133 est
1415 3086 1452 3128 er·

194 3194 313 3256 ponere.
358 3173 481 3253 Tamen,
504 3178 528 3236 si
550 3176 805 3254 reprehensionem
826 3185 970 3237 merentur
990 3194 1042 3237 rex
1062 3185 1150 3256 atque
1170 3174 1306 3254 hundius,
1329 3192 1367 3235 ox
1382 3171 1452 3234 altera

193 3286 273 3356 parte
296 3273 406 3335 candidi
429 3274 531 3335 iudicis
553 3286 597 3336 est
618 3285 762 3355 reputare,
787 3296 870 3356 quarn
884 3275 1052 3337 seditiosum
1071 3276 1157 3336 luerit
1177 3275 1255 3336 illius
1276 3276 1341 3336 aeri
1362 3271 1451 3352 inged-

192 3398 239 3439 um
269 3386 298 3437 et
324 3376 420 3436 hostili
449 3379 542 3437 animo
571 3378 709 3439 adversus
739 3380 847 3458 regiam
873 3387 1043 3457 potestatem
1072 3366 1239 3454 animatum,
1269 3375 1348 3457 quod
1368 3389 1451 3436 neom·

193 3479 326 3543 situdinis
350 3479 552 3539 commercium
573 3476 722 3540 habuerint
743 3480 895 3542 turbulenti
919 3479 958 3540 illi
985 3496 1100 3541 errores
1123 3496 1187 3539 cnm
1209 3479 1395 3540 contentiosis
1411 3472 1451 3534 rn-

193 3584 345 3644 titanorum
368 3579 617 3660 disputationibus.
649 3579 810 3662 Utcumque
833 3592 888 3661 est,
911 3601 991 3644 sane.
1002 3599 1112 3661 poenas
1133 3581 1321 3661 grauissimas
1335 3579 1450 3644 uetans

281 3805 310 3877 l)
332 3803 408 3860 lland
424 3804 494 3858 male
509 3804 653 3859 Beatham:
674 3805 911 3875 Engcliiudisehcr
931 3806 1029 3862 llirch-
1045 3807 1099 3862 und
1113 3807 1327 3862 Schulen-Stsat
1341 3783 1417 3860 cdl.
1429 3815 1447 3869 p.

104 3940 109 3947 .
195 3889 247 3947 529
269 3891 348 3959 „hui
360 3891 453 3946 Seiten
469 3889 519 3944 der
534 3888 772 3960 hugelindischen
789 3891 905 3947 llirchen
921 3907 1015 3948 waren
1030 3907 1158 3963 angegen
1173 3891 1224 3947 der
1239 3890 1400 3948 Brsbiscbcl
1409 3899 1447 3940 sos

195 3976 364 4044 Canterbury
380 3978 459 4033 nehst
472 3974 490 4029 8
502 3976 709 4032 Amtsbriidern.
740 3977 796 4032 hul
808 3978 902 4033 Seiten
917 3977 967 4033 der
978 3979 1120 4034 Puritaner
1135 3977 1201 4033 aber
1215 3978 1327 4033 stellten
1342 3974 1396 4031 sich
1406 3970 1447 4026 clu:

194 4063 241 4119 Dr.
256 4062 328 4117 John
345 4061 483 4130 bernolds
499 4061 552 4117 und
572 4062 618 4117 Dr.
638 4063 753 4120 Thomas
769 4063 872 4136 Sparlss
890 4079 943 4119 von
959 4063 1076 4136 Orlord,
1092 4063 1162 4119 daun
1178 4063 1226 4126 llr.
1242 4062 1398 4118 Chattertou
1409 4050 1447 4110 aad

195 4148 244 4205 llr.
260 4147 415 4203 lincvstubs
436 4163 490 4203 von
504 4147 679 4220 Cambridge.
704 4150 783 4204 llicsc
799 4151 882 4205 haute
897 4150 995 4204 hamera
1010 4150 1037 4204 io
1054 4150 1130 4205 einer
1145 4148 1283 4219 llleidung
1297 4155 1447 4218 sogesogtb

196 4232 265 4289 dero
280 4232 339 4290 sich
354 4233 458 4305 darnals
473 4233 629 4304 dielenigea
645 4235 784 4291 llaulleutc
801 4235 957 4305 bedienten,
972 4236 1079 4291 welche
1095 4235 1163 4291 uach
1178 4234 1228 4291 der
1244 4233 1346 4288 'lilrlrei
1360 4223 1446 4286 hssdcl

196 4324 257 4385 ten;
273 4320 367 4373 uomit
382 4318 422 4374 sie
439 4320 572 4390 anzeigen
588 4323 712 4390 uuillen,
726 4321 780 4377 u'ie
795 4321 836 4376 sie
851 4320 911 4376 sich
924 4320 960 4375 iar
977 4320 1119 4377 Gewissen
1136 4319 1296 4375 verbunden
1311 4317 1449 4375 erlmslsss

195 4402 223 4459 in
245 4400 305 4542 deth
319 4404 503 4460 iusserlichen
526 4406 706 4463 Geremonien
724 4406 783 4462 sich
804 4405 891 4462 liebar
910 4406 963 4462 dan
979 4408 1088 4463 Titrlren
1109 4406 1151 4461 als
1165 4405 1219 4462 den
1236 4405 1365 4477 Pspisteu
1377 4393 1449 4471 sititl

194 4505 228 4546 aa
243 4494 285 4544 stc
307 4490 372 4544 en.“
