2992 4926
571 1291 841 1383 CAPUT
888 1292 943 1389 V.

208 1503 280 1571 De
313 1505 662 1595 Aeyrotorum
694 1526 748 1571 ae
781 1501 1113 1571 Morinorum
1150 1504 1297 1573 Ostra·
1343 1460 1347 1473 Ι

669 1763 834 1774 -ι--ι

366 2046 407 2119 Α.
453 2043 516 2114 EX
545 2042 841 2118 CATECHISMO
869 2042 1143 2118 GENEVENSI.
1249 2116 1253 2121 .

498 2215 552 2277 De
578 2214 802 2276 Visitaodis
822 2213 1013 2292 Aeqroit's.

201 2395 310 2459 Fidelis
333 2409 362 2460 et
382 2402 443 2459 veri
467 2400 586 2462 Ministri
609 2401 735 2461 oiiioium
756 2408 816 2473 est,
845 2414 901 2457 non
928 2394 1014 2456 modo
1036 2393 1193 2475 populum,
1224 2396 1373 2475 suipertus

118 2507 163 2558 est
187 2501 369 2577 praefectus,
394 2500 533 2579 palamst
555 2501 671 2580 publice
695 2501 821 2575 dooere,
850 2498 902 2558 sed
924 2501 1024 2573 etiam,
1055 2496 1150 2577 quoad
1170 2498 1235 2557 eius
1257 2498 1314 2557 iisri
1332 2512 1372 2574 po·

118 2607 184 2674 test,
209 2619 437 2680 unumquemque
454 2606 572 2662 seorsim
589 2603 753 2676 admonere,
776 2602 936 2677 cohortari,
959 2598 1133 2678 redarguere
1148 2608 1179 2673 et
1194 2598 1340 2659 consolari.
1353 2596 1373 2675 Ι)

118 2697 204 2773 Quod
226 2702 250 2759 si
273 2699 359 2760 uilurn
378 2719 498 2780 uuquam
523 2712 568 2762 est
583 2713 722 2781 tempus‚-
738 2720 822 2782 quum
842 2700 947 2762 homini
965 2699 1123 2760 Christiana
1138 2699 1269 2760 doctrine
1289 2717 1374 2760 neess-

118 2801 190 2861 suris
215 2810 275 2878 est,
304 2810 361 2863 tnrn
386 2812 465 2863 sente
493 2804 581 2864 multo
611 2807 731 2865 maxime
756 2803 948 2865 neeessariam
971 2819 1037 2861 esse
1064 2809 1193 2877 constat,
1222 2818 1309 2880 quun
1327 2798 1374 2860 iio

117 2902 208 2963 minus
230 2922 294 2963 eum
317 2905 428 2980 invisit,
452 2914 498 2965 aut
523 2907 623 2966 morbo
645 2916 692 2967 aut
716 2906 772 2967 aiio
793 2905 929 2984 quopiam
947 2902 1021 2963 maio
1043 2920 1107 2962 eum
1130 2902 1279 2979 afficiens,
1308 2918 1374 2982 prae·

117 3004 214 3063 sertim
235 3022 306 3064 vero
329 3007 428 3065 mortis
450 3014 589 3085 tempore.
635 3006 704 3068 Tum
731 3010 805 3068 enim
831 3006 919 3067 multo
942 3023 1025 3084 quarn
1045 3022 1169 3083 unquam
1193 3014 1278 3066 antea
1302 3004 1373 3064 veie

117 3107 238 3165 mentius
261 3107 434 3168 commentia
456 3127 507 3170 sua
528 3118 661 3188 urgetur:
682 3111 744 3170 sive
763 3108 801 3169 ob
822 3107 955 3168 iudicium
978 3106 1049 3182 Dei,
1072 3104 1149 3185 quod
1173 3124 1208 3166 se
1226 3109 1290 3168 siue
1310 3120 1372 3166 non

115 3207 213 3267 voeari
235 3206 385 3287 inteiligit,
409 3210 472 3270 sive
493 3211 531 3270 ob
549 3212 777 3290 impugnationes
796 3210 912 3287 diaboii,
935 3210 983 3289 qui
1004 3218 1061 3268 tum
1078 3207 1371 3270 vehementerlaitoni

203 3429 231 3506 1)
251 3429 384 3502 Speoisiis
398 3431 444 3486 iila
461 3448 524 3488 eura
547 3431 709 3504 animarum,
733 3450 748 3489 a
765 3429 928 3488 deformatis
949 3427 1055 3484 maximi
1071 3427 1184 3499 habita,
1206 3429 1335 3502 hodieque
1348 3427 1368 3482 in

116 3534 165 3575 usn
183 3516 307 3576 habetur.
338 3517 368 3572 ln
385 3516 508 3588 piurimis
523 3519 673 3590 provinciis
693 3535 717 3575 e.
734 3535 762 3589 g.
780 3515 914 3573 Rhenanis
935 3514 1108 3583 sudatoria,
1131 3514 1253 3572 venitin
1272 3528 1368 3571 musse-

116 3602 254 3673 tudiuem‚
286 3609 314 3658 ut
334 3601 406 3658 inter
422 3603 499 3659 unius
516 3604 578 3660 anni
601 3605 716 3677 spatium
739 3610 834 3677 pastor
857 3616 953 3658 ornnes
969 3599 1117 3673 paroeciae
1137 3598 1237 3659 donus
1252 3597 1365 3657 votissi-

116 3689 166 3744 iias
189 3688 285 3757 adeat,
310 3687 418 3757 visitet,
440 3690 616 3759 oousoietur,
637 3690 800 3758 admoneat,
822 3688 845 3743 si
864 3686 945 3742 inerit
961 3685 1071 3741 oeeasio
1094 3679 1365 3758 (disusbesueie.)

116 3773 194 3840 Quod
210 3775 323 3831 maxime
340 3774 398 3829 iieri
418 3782 540 3844 constat,
564 3776 680 3831 instante
695 3772 877 3831 eucharistiae
893 3769 1086 3830 sollemnitate.
1120 3770 1158 3826 Αι
1181 3786 1268 3841 vero,
1289 3777 1313 3827 ut
1328 3769 1366 3823 int

116 3859 228 3929 generis
240 3859 344 3914 humani
363 3859 499 3941 fragilitas
516 3868 597 3930 atque
610 3860 792 3929 imbeciiiitas,
809 3856 968 3929 saepissime
984 3855 1030 3911 iiia
1045 3854 1233 3912 ministrorum
1245 3855 1366 3913 assiduitas

117 3942 211 4016 speeie
233 3944 338 4014 quidem
367 3945 490 4001 laudibus
513 3945 685 4009 extoiienda,
712 3962 743 4000 re
766 3944 825 4017 ipsa
848 3942 928 3998 dooei
952 3941 1069 4013 putanda
1093 3946 1143 4001 eat.
1182 3938 1306 3998 Fiiedssr
1324 3939 1337 3994 i.
1351 3955 1367 3990 t.

116 4047 142 4102 p.
160 4029 206 4085 72:
229 4027 300 4098 „iiio
318 4029 445 4086 wirkiieir
465 4030 610 4101 giiubiger
628 4031 704 4084 dison
725 4036 850 4086 iusseris
872 4028 922 4083 mir
941 4028 1008 4083 iiber
1031 4027 1125 4082 diesen
1141 4026 1331 4098 Gegensttnd,
1347 4037 1369 4078 et

118 4115 211 4169 meehe
234 4114 315 4169 keine
331 4113 537 4186 iiaursbesuuhe,
560 4116 593 4171 da
615 4116 654 4171 sie
679 4115 749 4170 doch
770 4133 818 4172 nur
835 4115 860 4170 iu
878 4114 927 4168 der
947 4114 1032 4182 Rege!
1053 4112 1133 4167 Furor
1154 4112 1232 4169 seien
1254 4113 1306 4170 und
1325 4124 1370 4165 utu

118 4201 190 4254 woh!
208 4199 258 4254 deu
277 4199 447 4269 Hauaherrn‚
473 4203 539 4257 Fran
556 4200 609 4256 uud
627 4201 730 4256 Kiuder
747 4199 1017 4256 hdiiiehkeitslraiber
1033 4215 1065 4252 zu
1081 4198 1218 4269 apreonan
1232 4196 1374 4265 beltonas,

51 4320 55 4325 -
117 4287 158 4338 sie
172 4285 225 4338 aiis
248 4286 419 4354 ebergerus
441 4288 540 4355 edinen,
564 4287 626 4341 dass
646 4303 706 4342 man
728 4287 805 4341 recht
826 4285 889 4339 baid
910 4283 1015 4338 wieder
1035 4282 1121 4353 ginge
1142 4282 1212 4339 oder
1233 4283 1318 4341 iieites
1334 4297 1376 4353 gar

117 4369 190 4444 nieht
213 4369 300 4424 inimo.
333 4369 406 4426 dbsr
429 4369 493 4426 dass
511 4372 555 4427 die
577 4372 769 4429 iiausbesuche
796 4379 883 4427 etwas
904 4369 1004 4426 anderu
1028 4368 1088 4424 siud
1105 4368 1175 4424 oder
1191 4368 1323 4437 werden,
1346 4368 1381 4424 ais

117 4452 431 4521 nunionueimnesncne,
455 4455 503 4511 des
519 4458 602 4527 hingt
618 4456 831 4527 gruis-terrueris
849 4473 902 4512 von
918 4454 979 4510 dem
996 4453 1128 4524 Prediger
1143 4453 1232 4511 seibst
1248 4455 1314 4512 ab.“
