2992 4926
698 249 773 319 atu
893 274 900 285 ·

112 460 145 502 rc
165 442 249 502 stndet
276 451 307 504 ut
334 443 456 505 animum
484 444 596 523 aegroti
624 444 787 512 labefactet.
807 448 836 529 ¹)
887 448 932 509 0b
957 464 1078 530 eamque
1104 469 1217 513 causam
1245 450 1365 513 llinistrl

112 546 220 606 >licium
240 554 304 622 est,
328 546 430 606 morbo
449 546 570 606 allectos
592 548 710 608 visitare
734 559 762 608 et
777 550 865 610 verbo
882 549 995 610 Domini
1017 551 1179 630 consolari,
1203 572 1237 613 ac
1259 552 1366 613 docere

112 645 229 727 quioquid
256 648 301 707 eis
323 646 428 708 accidit
452 646 624 708 incommodi
654 649 756 710 allec
780 652 934 710 immissum
964 670 1031 711 esse
1056 651 1242 733 eiusdemque
1271 655 1366 733 proui-

112 748 190 809 deotia
210 749 389 827 contigisse,
420 750 468 828 qni
489 750 549 810 suis
577 749 709 810 lidelibus
732 750 801 811 nihil
822 770 944 830 unquam
970 754 1111 832 impertit,
1138 754 1192 815 nisi
1218 755 1246 814 in
1269 748 1367 815 eorum

112 849 265 910 salutemet
287 848 518 911 emolumentum.
565 850 653 911 Cuius
675 855 716 912 rei
739 861 903 932 argumenta
923 872 958 914 ac
976 855 1139 916 testimonia
1162 871 1199 916 ex
1222 854 1368 936 Scriptura

112 952 238 1030 proteret,
261 969 335 1031 quae
351 954 472 1031 tempori
492 955 691 1014 convenientia
709 956 888 1032 maximeque
906 955 1118 1017 accommodata
1134 974 1202 1016 esse
1217 955 1368 1036 intelliget.

113 1053 183 1128 Quod
208 1055 232 1113 si
254 1063 403 1133 aegrotum
424 1057 505 1134 gravi
528 1066 557 1117 et
579 1055 746 1136 periculoso
768 1054 869 1116 morbo
891 1055 1020 1116 aidlctari
1041 1055 1156 1134 videat,
1184 1066 1243 1118 tum
1264 1073 1368 1118 conso·

114 1156 228 1216 binnam
250 1155 384 1217 adhibeat
405 1159 496 1236 magis
521 1160 703 1237 praecipuam
726 1175 760 1219 ac
780 1154 968 1236 peculiarem,
992 1155 1078 1236 idque
1100 1172 1153 1236 pro
1172 1174 1226 1234 eo,
1250 1175 1285 1218 ac
1303 1175 1368 1218 san·

117 1275 164 1317 ιιιι
181 1257 261 1316 animi
281 1254 359 1317 illius
379 1258 555 1338 perspiciet,
589 1268 634 1336 ut,
664 1260 688 1319 si
712 1248 776 1319 eum
796 1258 916 1318 borrorc
940 1259 1038 1318 mortis
1059 1260 1239 1337 perterritum
1260 1258 1367 1336 videet,

118 1357 200 1417 locem
220 1357 288 1418 nibil
311 1375 379 1418 esse
401 1360 430 1418 in
451 1368 561 1437 morte,
585 1360 664 1440 quod
685 1359 818 1422 ildelibus
837 1360 874 1418 sit
891 1358 1170 1438 pemimemendm,
1195 1361 1243 1440 qui
1267 1360 1368 1421 ducam

119 1459 202 1519 labem
221 1478 302 1519 soum
323 1457 419 1520 lesnm
442 1458 601 1539 Christum,
622 1480 711 1542 aquo
731 1479 784 1541 per
801 1468 920 1520 mortem
939 1462 967 1521 in
983 1479 1045 1521 eam
1063 1463 1148 1522 vitam
1164 1461 1366 1541 perdocedtnr,

119 1561 227 1640 inquam
254 1562 319 1640 ipse
344 1563 493 1641 ingressus
520 1573 574 1625 est.
620 1564 664 1624 Ac
693 1562 777 1626 simili
807 1562 1004 1623 cohortatione
1032 1561 1135 1623 adimat
1164 1565 1191 1623 ei
1217 1571 1367 1638 terrorem,

120 1679 184 1740 quem
204 1664 340 1743 concepit
362 1663 459 1725 iudicii
485 1664 581 1726 divini.
625 1666 676 1729 Sin
707 1684 771 1726 eum
798 1664 871 1726 lraud
894 1668 963 1725 satis
985 1674 1170 1745 pcccatorum
1194 1665 1369 1726 conscientia

120 1772 267 1823 commotum
295 1762 453 1844 intelligat,
480 1767 613 1827 iustitiam
641 1769 667 1826 ei
700 1765 821 1827 divinam
851 1764 977 1846 explicet
1005 1774 1091 1846 atque
1119 1763 1269 1842 comodat,
1293 1762 1370 1844 apud

119 1880 182 1942 pan
201 1873 276 1924 stare
299 1881 386 1925 nemo
413 1867 536 1944 poterit,
564 1869 619 1928 nisi
641 1865 837 1928 misericordia
859 1866 915 1927 Dei
938 1868 1094 1926 instructus
1115 1875 1145 1926 et
1166 1862 1262 1926 lesnm
1288 1863 1369 1926 curt·

118 1973 173 2024 sum
193 1983 244 2045 pro
267 1964 360 2026 salute
378 1967 461 2026 unica
483 1985 517 2027 ac
538 1967 674 2048 singulari
695 1967 874 2047 complexus.
920 1966 1043 2043 Contra,
1067 1968 1092 2026 si
1115 1985 1178 2026 eum
1201 1964 1370 2027 delictorum

117 2084 210 2126 tronm
232 2069 409 2146 cogitatione
430 2070 495 2147 angi
515 2087 550 2130 ac
567 2071 657 2150 premi
678 2070 789 2147 rideat,
810 2079 884 2146 tum,
908 2087 990 2149 qnam
1006 2067 1225 2148 diligentissime
1252 2067 1368 2146 poterit,

117 2164 192 2227 lesum
213 2166 356 2228 Christum
379 2170 405 2227 ei
429 2167 565 2249 depingat
587 2179 673 2250 atque
695 2173 849 2251 exprimat,
877 2170 1038 2249 doceatque
1062 2178 1232 2248 peccatores
1255 2185 1368 2243 onnes,

116 2269 152 2347 qai
171 2269 223 2330 albi
247 2270 303 2349 ipsi
332 2267 495 2330 diffidentes
522 2271 585 2331 eius
611 2271 738 2334 bonitate
768 2272 929 2350 contiduut,
961 2275 989 2332 iu
1017 2290 1053 2333 eo
1078 2270 1209 2332 solatium
1231 2289 1265 2331 ao
1286 2288 1369 2350 prae·

115 2369 198 2431 tiliam
221 2371 379 2433 habituros.
423 2370 529 2432 Fidelis
552 2374 639 2452 igitur
664 2382 693 2434 et
714 2374 789 2455 irngi
809 2374 940 2437 llinister
959 2373 1168 2451 considerabit,
1197 2390 1272 2454 qnae
1292 2388 1371 2433 oom-
1490 2439 1495 2450 ,

115 2472 209 2533 rodier
229 2474 322 2533 lutura
344 2474 381 2533 sit
398 2475 470 2533 ratio
493 2477 603 2553 aegroti
627 2475 813 2554 consolandi,
835 2495 888 2555 pro
905 2493 942 2537 eo
959 2485 1044 2556 atque
1065 2476 1197 2536 affectum
1218 2492 1282 2535 eom
1304 2491 1371 2553 per·

114 2577 219 2655 spiciet,
245 2578 272 2637 in
291 2593 349 2655 quo
371 2594 485 2654 semper
504 2576 559 2637 Dei
580 2578 670 2639 verbo
693 2578 868 2640 adhaerebit.
912 2576 1108 2654 Quinetiam,
1131 2579 1155 2636 si
1176 2595 1259 2655 quam
1282 2574 1370 2636 lacul-

114 2686 182 2738 ιιιιιιι
204 2677 334 2739 llinister
359 2678 462 2738 habeat
490 2678 624 2740 auxillum
652 2680 767 2742 ailliotis
795 2678 966 2758 'corporibus
995 2676 1123 2754 lerendi,
1153 2677 1237 2738 nullis
1265 2675 1371 2755 opibus

115 2796 138 2839 tc
156 2779 334 2842 bonitatibus
358 2789 472 2858 parcet,
496 2799 595 2841 verum
619 2782 764 2843 olraritatis
783 2790 812 2842 et
829 2779 1005 2841 liberalitatis
1027 2780 1054 2839 iu
1071 2787 1192 2858 egentes
1209 2775 1370 2857 exemplum

115 2882 248 2962 nudique
268 2898 302 2941 se
324 2889 463 2943 statuens.
479 2879 510 2962 ²)

118 3044 315 3054 *tot—*-

185 3134 214 3215 1)
233 3136 265 3192 G.
281 3136 310 3192 1,.
330 3135 364 3191 ΙΙ.
379 3154 406 3209 p.
421 3137 483 3192 tac.

184 3238 214 3315 t)
231 3238 312 3296 coni.
329 3238 405 3294 llela.
424 3239 497 3295 Post.
512 3239 543 3294 ll.
556 3239 632 3299 529.:
654 3238 741 3308 „Cum
757 3252 824 3294 vero
839 3251 971 3307 nunquam
987 3232 1162 3304 gravioribus
1177 3232 1374 3290 tentationibus

122 3325 217 3397 expositi
232 3326 287 3381 sint
303 3323 443 3395 borsines,
466 3340 544 3395 qoam
559 3323 621 3380 dum
637 3323 836 3380 infirmitatibus
852 3326 1014 3378 exercentur
1029 3327 1074 3377 aut
1091 3324 1250 3390 aegrotant,
1268 3319 1373 3375 morbis

123 3410 260 3466 unanimi
283 3417 338 3465 tum
360 3409 488 3482 corporis
516 3410 610 3481 lracti,
639 3426 772 3483 nunquam
795 3424 860 3465 saue
889 3405 1017 3463 convenit
1042 3412 1171 3479 pastores
1195 3405 1373 3461 ecclesiarum

120 3494 177 3551 nlrti
195 3497 236 3552 eui
259 3493 359 3566 gregis
380 3494 525 3566 invigilare
547 3496 715 3565 accuratius,
742 3510 820 3567 qoam
840 3493 867 3549 in
888 3491 1042 3549 huiusmodi
1066 3490 1168 3548 morbis
1190 3496 1218 3547 et
1232 3488 1373 3547 inormita-

122 3577 181 3636 ton.
223 3580 344 3637 lustrent
368 3595 438 3652 ergo
462 3586 565 3636 mature
587 3587 782 3653 aegrotantes,
807 3584 940 3635 vocentur
965 3577 1028 3634 itero
1051 3582 1154 3633 mature
1175 3576 1209 3631 ab
1225 3579 1372 3644 aegrotan-

122 3662 188 3734 tlns,
206 3664 342 3739 siquidem
364 3681 410 3721 res
430 3664 490 3739 ipsa
507 3666 703 3738 postulaverit:
723 3664 901 3721 consolentur
924 3670 1012 3719 autem
1032 3661 1113 3732 illos,
1137 3666 1164 3716 et
1183 3660 1210 3716 io
1234 3675 1299 3715 uera
1321 3656 1373 3714 dde

123 3752 275 3823 mirment,
298 3750 419 3807 muniant
437 3748 553 3822 denique
568 3757 664 3808 contra
680 3749 852 3824 perniciosas
867 3755 978 3804 satanae
999 3745 1209 3818 suggestiones:
1233 3743 1373 3801 instituant

122 3833 166 3892 lta
190 3852 288 3910 preces
309 3836 380 3908 apud
406 3843 595 3904 aegrotantem
620 3837 803 3905 domesticas,
832 3851 864 3889 ac
886 3834 909 3889 oi
933 3850 1047 3891 necesse
1071 3833 1122 3903 sit,
1151 3836 1297 3901 precentor
1321 3845 1372 3903 pro

121 3922 269 3991 aegrotantis
284 3923 374 3977 salute
389 3922 469 3977 etiam
490 3921 517 3977 io
535 3928 614 3978 coetu
635 3923 743 3996 publico
760 3927 926 3992 curentque,
948 3935 1001 3992 quo
1022 3917 1139 3974 ioliciter
1158 3931 1191 3970 cx
1212 3916 1264 3971 lroo
1279 3916 1373 3973 seculo

120 4005 229 4077 nigret“
275 4006 325 4069 a:
348 4006 476 4076 „l’ource
492 4024 544 4079 que
559 4008 695 4080 plusieurs
713 4014 776 4063 sont
792 4005 938 4076 negligens
952 4004 987 4061 de
1002 4020 1031 4060 se
1047 4000 1176 4057 consoler
1192 4016 1226 4055 en
1242 4001 1308 4058 Dion
1324 4016 1373 4073 par
1393 4068 1398 4077 Ι

117 4108 138 4146 ιι
149 4092 259 4166 parole,
281 4098 365 4165 quant
380 4091 414 4147 ils
428 4108 462 4147 so
481 4098 607 4149 trouuent
629 4110 662 4148 eu
677 4092 812 4149 necessita
833 4091 867 4145 de
884 4088 1015 4159 maledie,
1038 4087 1105 4143 dout
1119 4084 1230 4142 aduient
1245 4103 1298 4159 que
1313 4086 1373 4159 plu·

116 4176 188 4235 sienrs
204 4183 329 4235 mearent
343 4193 408 4233 sans
423 4176 540 4249 quelque
556 4174 726 4235 admonitioo
743 4194 778 4233 ou
794 4176 929 4246 doctrine,
951 4172 1067 4247 laquelle
1083 4169 1141 4228 lore
1157 4176 1200 4229 est
1214 4172 1229 4227 d
1244 4169 1374 4228 l’bomme

116 4263 160 4320 alus
176 4254 326 4331 ulutairc,
350 4278 401 4334 qne
423 4260 531 4318 iamais:
554 4280 623 4336 pour
639 4271 714 4319 ceste
733 4280 814 4319 cause
836 4277 921 4317 auoos
937 4258 1012 4316 auiae
1027 4264 1055 4314 et
1068 4258 1195 4315 ordonna
1211 4273 1263 4329 que
1279 4256 1323 4312 nul
1340 4273 1374 4312 ne

116 4351 227 4405 lemenro
244 4347 314 4403 trois
329 4347 406 4402 iours
423 4348 525 4403 coliem
544 4349 635 4418 gisam
656 4366 687 4403 au
704 4348 750 4402 licl
771 4343 836 4418 qu'il
861 4364 893 4400 no
911 4347 935 4399 le
953 4345 1012 4400 lace
1028 4343 1121 4399 sauoir
1139 4360 1172 4398 au
1189 4340 1325 4402 llinislre:
1347 4349 1375 4399 ct

118 4452 150 4492 re
166 4435 274 4490 chacun
286 4430 411 4488 s‘aduise
424 4431 461 4487 de
474 4435 588 4505 appeler
603 4434 644 4489 les
656 4433 791 4489 llinistres
806 4431 895 4503 quand
905 4430 940 4486 ils
956 4430 996 4486 les
1012 4429 1149 4485 voudrout
1165 4429 1244 4486 anoir
1258 4431 1273 4485 d
1289 4429 1375 4484 beure

116 4527 273 4596 pportooe,
294 4516 348 4575 aba
362 4516 398 4574 de
419 4532 455 4573 ne
472 4518 514 4575 les
527 4517 657 4576 dlstraire
676 4518 712 4575 de
727 4520 787 4576 leor
801 4518 883 4575 cttce
901 4532 935 4573 ιιι
953 4515 1015 4589 quai
1037 4512 1056 4572 il
1073 4519 1186 4572 seruent
1199 4529 1233 4571 en
1249 4528 1375 4571 common
