2992 4926
804 232 878 302 296

205 429 296 508 labat,
321 432 358 492 ita
377 441 470 493 tamen
492 440 523 492 ut
542 449 639 510 regem
658 431 762 490 sensim
786 448 819 491 ac
838 432 984 495 moderate
1007 433 1036 494 in
1058 443 1153 513 partes
1177 452 1246 497 suas
1265 435 1379 498 trabere
1397 435 1460 499 noll·

204 542 291 593 retur.
332 534 416 607 Quoad
437 536 536 594 attinet
560 532 593 593 ad
610 552 657 592 res
680 531 837 609 liturgicus,
859 554 909 594 rex
931 553 1021 614 pauca
1044 536 1237 597 tantummodo
1259 538 1361 598 mutari
1379 555 1460 616 passus

205 644 259 694 est.
304 635 482 714 Expmmtum
503 634 648 695 Pontilrcis
675 652 776 693 norman
799 652 832 693 ac
859 639 1090 696 commemoratio
1114 635 1358 715 criminalibus,
1386 638 1460 700 delen

204 738 234 795 S.
255 736 379 796 Tinornae
399 737 610 798 Canthariensis
631 736 781 812 festivitas,
796 736 823 815 ¹)
847 740 959 798 omnino
977 740 1130 816 imaginum
1147 757 1181 799 aa
1196 739 1368 802 Sanctorum
1387 739 1459 803 cultu

203 839 421 915 superstitiosus
450 837 651 916 aliquantulum
679 834 839 914 neglectus.
882 836 1033 898 Praeterea
1065 857 1137 899 anno
1168 839 1252 901 1545
1280 838 1395 901 indulsit
1421 858 1460 903 scs

205 938 374 1016 Cranrnero,
405 939 580 1000 clandestino
610 937 758 1016 religionis
786 936 951 999 emendatae
982 941 1092 1015 amico,
1124 949 1154 999 ut
1175 939 1360 1001 abolerentur
1380 942 1459 1021 imagi·

203 1059 267 1098 ritum
283 1040 388 1099 velatio
405 1051 433 1100 ct
451 1040 603 1100 denudatio
621 1049 751 1117 tempore
770 1035 1009 1117 quadragesimali
1026 1048 1056 1099 et
1077 1040 1216 1119 paschali,
1242 1040 1369 1102 adoratio
1383 1042 1460 1102 crucis

116 1168 123 1180 ο
204 1141 316 1199 inllonis
337 1142 459 1218 genibus
482 1142 573 1218 lacta,
605 1140 728 1219 denique
749 1139 873 1199 nonnulli
896 1141 965 1199 ritus
987 1142 1014 1200 in
1040 1138 1144 1219 Vigilia
1160 1140 1293 1202 Omnium
1314 1142 1460 1203 Sanctam!

203 1243 306 1301 usitati.
358 1241 492 1302 Ceterum
519 1241 642 1302 ilenrico
671 1242 737 1301 vivo
774 1250 888 1301 caetera
911 1239 1038 1301 Romana
1066 1240 1178 1317 moles,
1209 1244 1361 1323 magnilica
1387 1260 1488 1327 opertp

202 1353 361 1421 exstructa,
385 1346 476 1405 stabat
499 1347 679 1404 inconcussa.
1483 1330 1488 1387 Ῠ

288 1461 426 1522 Heinricus
447 1466 598 1522 moriturus
614 1459 747 1521 Eduardo
771 1460 840 1536 lilia,
865 1475 967 1519 novem
987 1478 1076 1520 annos
1098 1469 1176 1539 nato,
1200 1464 1349 1524 constituit
1369 1470 1457 1522 tutores
1482 1414 1489 1563 L

202 1562 366 1639 sexdecim,
394 1572 422 1622 ot
445 1564 472 1622 in
499 1563 542 1623 his
565 1561 725 1622 Eduardum
747 1561 906 1621 Seimerum
932 1561 1074 1622 Comitem
1093 1559 1358 1641 herefordensem,
1379 1560 1457 1623 adole
1483 1566 1490 1655 p

202 1667 308 1725 scentis
326 1665 510 1743 anormalam,
535 1667 561 1725 in
584 1664 741 1726 honoribus
759 1660 889 1741 petendis
908 1664 1028 1722 maxime
1052 1662 1243 1725 ambitiosum.
1289 1663 1401 1744 Imque,
1420 1658 1456 1722 sd
1483 1660 1490 1755 l

202 1768 336 1827 versariis
364 1768 498 1843 remotis,
529 1768 710 1845 praecipuam
739 1763 846 1823 tutelae
874 1773 981 1842 partem
1009 1765 1064 1824 sibi
1090 1760 1269 1842 demandari,
1306 1764 1456 1846 protectans
1484 1772 1489 1849 g

202 1868 387 1928 honorilicum
406 1883 507 1928 ttamen
526 1887 578 1927 una
593 1886 656 1926 cum
669 1866 877 1926 Somersctensi
896 1867 1053 1943 principatu
1067 1864 1172 1926 delerri
1192 1854 1312 1927 curavit.
1338 1865 1456 1927 lsnorss
1484 1878 1489 1921 ·.

202 1971 347 2030 doctrinae
365 1970 547 2049 recipiendae
567 1973 629 2047 regi
647 1969 748 2030 litteris
770 1965 842 2028 haud
864 1965 968 2027 leviter
987 1967 1094 2027 imbuto
1117 1967 1168 2028 sed
1192 1970 1347 2048 spueritia
1363 1967 1395 2029 ad
1412 1964 1456 2026 its

202 2074 338 2132 lormatac
359 2080 455 2149 partes
475 2072 594 2132 iormato
616 2079 644 2129 et
661 2070 804 2144 instituto,
829 2068 881 2127 luit
901 2076 1009 2129 auctor.
1040 2069 1155 2128 Socium
1173 2078 1202 2128 et
1215 2068 1373 2130 adiutorem
1389 2066 1458 2129 iate
1487 2066 1490 2147 ζ

201 2172 250 2232 bat
267 2173 393 2250 inprimis
408 2168 601 2248 Crnnrmrum,
626 2188 681 2230 non
698 2168 818 2247 amplius
836 2167 985 2229 Nicodemi
1007 2186 1156 2247 personam
1177 2169 1401 2231 adumbrantem:
1423 2164 1458 2229 sd

201 2275 356 2334 versarium
369 2273 396 2331 in
413 2281 535 2333 tutorum
553 2281 694 2332 conventu
718 2270 779 2330 lere
796 2271 946 2330 neminem.
981 2267 1101 2330 Primum
1124 2270 1199 2332 lacta
1217 2280 1262 2331 est
1283 2289 1382 2332 mense
1399 2267 1460 2332 luo

203 2373 284 2437 1547
303 2376 426 2434 auritium
445 2373 632 2433 ecclesiarum
646 2373 793 2451 inquisitio
811 2380 841 2431 et
862 2372 1054 2449 investigatio,
1073 2388 1156 2450 quam
1174 2370 1273 2434 dicere
1293 2372 1387 2434 solent
1400 2371 1460 2432 tist-

201 2477 346 2536 tutionam.
380 2471 584 2533 Exstinxerunt
598 2490 692 2532 rerum
706 2489 849 2533 sacrarum
865 2490 1003 2534 censores
1019 2474 1087 2532 ritus
1106 2472 1258 2552 quosdam,
1281 2493 1355 2555 quos
1374 2473 1461 2537 nullius

202 2584 331 2653 putamus
356 2575 504 2632 momenti:
533 2572 671 2632 thalamos
699 2589 772 2651 aqua
792 2573 944 2634 benedicta
967 2571 1142 2652 adspersas,
1173 2574 1311 2637 candelas
1332 2574 1460 2636 eucrasis

200 2674 386 2735 daemonibus
408 2672 556 2733 eliciendis
579 2672 718 2733 adhibitas
743 2682 799 2733 cta.
845 2673 964 2736 Gravius
990 2683 1050 2752 est,
1075 2675 1152 2755 quod
1176 2678 1304 2739 cuiusvis
1325 2677 1460 2758 paroeciae

202 2777 299 2836 usibus
327 2775 501 2834 ‹lestinarnnt
521 2774 631 2836 Erasmi
658 2775 841 2853 paraphrasin
864 2779 1065 2854 scripturarum
1087 2795 1229 2837 sacrarum
1256 2778 1405 2855 etlibrum
1421 2775 1459 2837 sii.

200 2874 393 2950 liomiliarum,
416 2876 536 2934 maxime
555 2873 700 2935 cranmeri
721 2891 810 2953 opera
830 2877 1004 2953 conlectum,
1029 2875 1149 2954 singulis
1171 2875 1323 2939 dominicis
1341 2895 1374 2939 ac
1392 2876 1458 2938 lestis

202 2998 253 3057 per
276 2995 376 3036 arritum
400 2977 583 3037 recitandum.
642 2977 799 3055 Paulopost
828 2979 942 3038 ineunte
970 2976 1167 3056 ann015⁴l8‚
1197 2990 1314 3042 senatus
1344 2978 1458 3041 consulto

200 3078 310 3138 sublata
338 3087 382 3137 est
409 3077 597 3139 Candelarum
624 3078 793 3140 benedictio
824 3089 852 3139 ct
883 3076 1053 3155 Processio,
1084 3080 1113 3138 in
1139 3077 1340 3142 Parilicatione
1368 3079 1457 3142 ilarius

200 3186 353 3254 consueta,
388 3178 556 3239 benedictio
587 3181 712 3240 cinerum
744 3183 771 3240 in
800 3181 894 3257 capite
922 3180 1036 3256 ieiunii,
1066 3177 1218 3257 palmarum
1248 3180 1406 3244 distributio
1430 3176 1456 3240 sd

200 3281 395 3356 cuiuscunque
426 3278 588 3339 arbitratum
610 3280 657 3338 vel
679 3280 809 3341 iacienda
832 3281 879 3340 vel
903 3279 1066 3342 omittenda.
1111 3279 1267 3361 lmaginum
1289 3304 1376 3362 usus,
1402 3299 1455 3343 naa·

200 3399 282 3458 (purtim
300 3398 316 3438 a
336 3380 540 3456 superstitione
559 3378 668 3439 alicnus
688 3383 736 3441 viii
751 3380 835 3444 Febr.
860 3385 966 3443 vetitus
986 3392 1040 3443 est.
1056 3382 1085 3462 ²)
1129 3382 1187 3444 Sed
1205 3385 1277 3446 haec
1292 3385 1362 3448 nihil
1379 3384 1456 3446 ualent

199 3481 234 3541 ad
254 3480 321 3540 illud
347 3480 449 3557 synodi
473 3501 498 3541 s.
520 3481 743 3545 Corrvocationis
766 3483 928 3561 decretum,
959 3505 996 3545 ex
1019 3500 1076 3565 qua
1095 3483 1192 3547 blissis
1216 3489 1334 3567 privatis
1356 3502 1455 3569 promus

199 3584 344 3662 abrogatis
366 3602 438 3644 nova
456 3582 668 3645 Communionis
688 3585 801 3665 liturgia
825 3586 938 3647 condita
957 3596 1002 3646 est
1016 3585 1189 3649 Reiormatis
1211 3591 1340 3651 moribus
1361 3606 1453 3651 acco*

199 3684 319 3748 madata.
370 3682 402 3744 ln
425 3685 518 3744 lucem
540 3685 646 3763 prodiit
671 3687 785 3747 libellus
808 3687 855 3748 die
874 3687 951 3748 vill.
976 3686 1068 3749 blartii
1091 3688 1186 3752 1548:
1211 3710 1300 3769 „cum
1323 3688 1453 3773 privilegia

199 3784 232 3843 ad
253 3784 467 3863 imprimendum
488 3785 580 3845 solum
604 3789 630 3846 in
652 3787 766 3847 cilicina
787 3785 919 3850 Edwardi
943 3789 1186 3851 Whitchurche.“
1224 3790 1374 3855 Praecedit
1393 3808 1450 3852 con·

199 3888 338 3946 munionis
362 3887 499 3947 lormulae
522 3887 644 3948 edictum
667 3891 795 3967 regium,
821 3910 878 3970 quo
901 3891 974 3952 hacc
995 3910 1046 3952 rex
1066 3892 1224 3970 praefatur:
1254 3914 1323 3956 sese
1344 3896 1452 3956 lubentes

199 3990 415 4068 obtemperasse
430 3993 512 4069 regni
535 3991 699 4068 ordinibus,
725 3994 873 4074 utriusque
896 4000 1011 4055 senatus
1034 4009 1176 4056 consensu
1198 3994 1416 4060 desiderantibus
1430 3997 1451 4051 tl
1488 3986 1490 3995 ’

208 4148 293 4161 ————
310 4153 363 4159 ----
393 4155 410 4160 -

286 4258 314 4319 t)
336 4247 457 4308 Thomae
473 4254 677 4311 Cantheriensis
692 4271 755 4312 osso
773 4256 862 4313 refodi
879 4264 905 4312 et
922 4254 1044 4313 comburi
1058 4254 1136 4315 iussit
1157 4254 1233 4313 1538.

285 4339 316 4403 2)
342 4340 455 4394 Brrrnet:
487 4341 562 4409 „llas
582 4340 713 4410 Einzigc‚
738 4359 795 4397 was
817 4360 850 4397 an
873 4343 965 4399 dieser
990 4342 1175 4412 Verordaaog
1194 4348 1377 4413 passusetssn
1396 4347 1450 4401 nst,

197 4440 255 4480 aar
271 4424 381 4486 (tiosos,
398 4424 461 4479 darn
477 4427 530 4479 alla
548 4427 697 4482 hortbaran
710 4428 843 4482 Schneine
860 4429 913 4484 and
929 4430 998 4486 alles
1011 4429 1118 4497 silban,
1133 4443 1194 4484 was
1209 4427 1279 4485 dssu
1295 4429 1413 4499 gobaris,
1430 4424 1451 4477 lt

196 4512 245 4569 des
263 4506 368 4578 liiirrigs
385 4510 482 4565 Sotiuz
497 4511 631 4580 gebracht
647 4512 760 4569 werdon
772 4517 907 4575 maesto.“
