2992 4926
679 223 729 296 53

138 426 308 521 Fratres,
344 427 579 528 unusquisque
613 437 768 505 nostmm
810 451 849 507 ss
881 428 1030 504 Domino
1071 428 1168 504 sistat
1205 452 1337 529 suaque

96 542 205 609 secata
230 530 457 626 confiteatm,
491 556 532 606 ao
558 556 614 607 me
643 532 696 608 his
723 534 840 610 verbis
865 542 1088 634 praeeuntem
1116 544 1230 607 mente
1257 535 1338 610 sub·

96 662 107 713 a
225 635 283 736 1¹)

108 647 296 816 Ἥίιιι
323 741 418 818 Deus
443 739 548 816 Pater
568 750 710 815 aeterne
737 752 772 814 et
798 744 1029 839 omnipotens,
1058 743 1277 837 agnoscimus
1304 752 1339 817 et

96 869 213 945 rgenua
236 843 495 945 profitemnri)
523 845 612 942 apud
634 856 783 920 sanctam
810 848 1023 918 maiestatem
1046 855 1156 937 tuam,
1184 868 1249 921 nos
1275 848 1336 919 mi-

96 974 163 1027 nna
182 962 392 1049 peccatores
422 973 502 1028 esse
529 960 737 1046 conceptos,
764 961 799 1024 et
823 960 923 1023 natos
949 952 983 1020 in
1005 951 1180 1046 iniquitate
1202 959 1237 1023 et
1257 973 1336 1048 pra-

96 1058 189 1148 mea,
218 1053 263 1127 ad
293 1057 479 1151 nequitiam
512 1052 707 1153 proclives,
743 1053 786 1127 ad
823 1076 925 1127 omne
951 1063 1064 1125 antem
1092 1053 1219 1127 bonum
1249 1077 1336 1152 opus

96 1158 394 1256 antennasque,
419 1172 457 1235 ut
476 1160 593 1233 vitiosi
612 1181 747 1251 sumus,
770 1158 901 1232 nullum
923 1158 1199 1251 transgrediendi
1219 1168 1336 1233 saneta

96 1286 124 1339 ιι
146 1261 308 1338 mendnta
332 1262 435 1336 finem
460 1264 588 1337 iacere.
605 1260 640 1359 ³)
676 1261 753 1351 Quo
770 1262 807 1336 lit
835 1274 871 1336 ut
892 1264 1034 1335 exitium
1054 1285 1073 1333 a
1096 1265 1186 1337 iusto
1208 1263 1334 1337 indicio

96 1390 125 1443 ro
139 1366 243 1443 notu
263 1389 492 1444 accersamus.
521 1368 704 1457 Attamen,
726 1367 891 1457 Domine,
912 1370 1015 1440 anxie
1037 1370 1222 1461 gemimus,
1244 1368 1335 1466 quod

96 1470 388 1564 todendorimns,
413 1496 465 1545 ac
484 1494 550 1546 uos
575 1474 726 1569 vitiaque
752 1483 870 1546 nostra
898 1471 1115 1563 damnamus,
1147 1494 1224 1544 cum
1249 1496 1335 1547 vara

96 1576 292 1667 renitentim
316 1587 492 1675 optantes,
519 1586 556 1649 ut
576 1579 687 1669 gratia
704 1586 762 1649 tua
778 1586 918 1651 nostrae
939 1585 1118 1650 succurrat
1139 1579 1307 1651 miseriae.

146 1678 223 1753 Tua
248 1681 355 1776 igitur
379 1704 445 1757 nos
471 1680 706 1754 misericordia
740 1680 902 1775 dignare,
934 1679 1031 1755 Dens
1064 1690 1102 1753 et·
1127 1680 1231 1754 Pater
1264 1684 1335 1757 ole-

96 1786 272 1861 entissirne
291 1806 334 1857 aa
352 1807 485 1861 summe
500 1787 717 1875 misericors,
737 1787 771 1856 iu
791 1786 928 1858 nomine
948 1784 1026 1858 Filii
1038 1787 1087 1859 tni
1100 1782 1181 1860 lesu
1196 1782 1334 1880 Christi,

96 1890 201 1967 omini
219 1891 341 1963 nostri.
371 1889 417 1963 tn
441 1891 522 1963 vitia
549 1898 665 1961 nostra
694 1887 814 1963 delens
840 1911 1028 1985 omnesque
1050 1889 1173 1964 sordes
1198 1899 1334 1968 nostras

96 1990 258 2091 menet
284 1994 320 2065 in
347 1993 421 2069 dies
450 1993 540 2066 dona
566 1995 675 2066 saneti
696 1995 745 2065 tui
773 1992 919 2091 Spiritus
944 1993 1044 2065 uobis
1072 1989 1266 2089 adauget,
1296 2005 1335 2067 ut

96 2096 170 2175 orde
196 2098 317 2169 intimo
343 2100 552 2194 iniquitatem
582 2107 734 2169 nostram
760 2105 990 2191 agnoscentes
1016 2098 1127 2190 magis
1152 2118 1193 2168 ao
1225 2100 1334 2192 magis

96 2200 160 2277 rl'm
186 2200 430 2299 displiceamus
453 2211 555 2298 atque
574 2203 620 2273 ita
641 2200 684 2274 ad
703 2223 823 2275 veram
845 2202 1085 2299 poenitentiam
1107 2200 1333 2293 stimulemur,

96 2328 150 2381 reo
166 2314 284 2381 antam
302 2300 459 2382 noscam
476 2304 632 2380 omnibns
647 2308 799 2403 peccatis
813 2304 1020 2383 mortificans
1036 2304 1168 2382 fructus
1185 2307 1334 2383 institiae

96 2411 334 2485 tinnocentiae
349 2409 409 2483 tihi
427 2419 546 2506 gratos
565 2410 751 2507 producat,
774 2433 836 2507 per
857 2410 951 2483 illum
975 2413 1084 2508 ipsum
1101 2407 1215 2485 lesum
1237 2406 1333 2485 Chri-

96 2536 149 2603 ιιι
173 2512 360 2589 Dominum
386 2524 549 2590 nostrum.
570 2510 600 2613 ⁶)

141 2632 195 2699 na
220 2634 327 2713 linitis,
355 2632 464 2697 canitur
490 2651 507 2696 a
533 2641 596 2695 toto
617 2640 702 2695 coetu
723 2629 851 2695 Psalmns
870 2631 989 2713 aliquis;
1016 2629 1120 2696 deinde
1146 2628 1275 2696 llinister
1296 2629 1333 2695 ad

96 2754 163 2801 ιιιι
180 2738 355 2816 mentitur,
383 2737 487 2818 milone
514 2736 674 2800 aDomine
699 2738 818 2817 gratiam
847 2737 937 2799 sancti
964 2737 1009 2799 eui
1030 2735 1155 2816 Spiritus
1185 2738 1274 2817 petit,
1302 2744 1333 2799 ut

96 2842 176 2907 atu
195 2842 263 2905 eine
282 2838 406 2904 ddelitcr
425 2841 460 2903 ad
479 2842 601 2904 nominis
622 2842 713 2921 ipsios
733 2840 854 2921 gloriam
876 2849 906 2901 et
926 2837 962 2902 ad
984 2837 1137 2903 Ecclesiae
1158 2838 1332 2902 aedificatio·

96 2964 124 3009 ι
142 2951 324 3027 exponatur,
345 2952 375 3005 et
394 2942 471 3024 quali
492 2941 579 3006 decet
600 2943 791 3006 submissione
814 2944 898 3005 animi
920 2941 1141 3023 obedientiaque
1162 2944 1330 3023 excipiatur.

96 3047 236 3113 adeun
255 3054 352 3110 ιιιιιι
371 3045 519 3108 lormulam
541 3045 621 3110 adid
640 3054 734 3126 aptam
748 3046 878 3110 llinistar
898 3046 953 3109 sibi
974 3062 1028 3126 pro
1042 3045 1159 3107 arbitrio
1178 3044 1330 3130 deligiti)

96 3150 197 3215 hnluta
217 3148 364 3213 concione
384 3148 410 3210 is
431 3147 568 3229 populum
588 3149 623 3211 ad
647 3148 781 3211 omndum
801 3148 929 3212 hortatus
950 3148 989 3211 ita
1010 3147 1124 3229 incipit:

145 3404 175 3487 t)
200 3407 273 3467 Gali.
296 3424 365 3466 aven
385 3406 594 3467 confessionis
613 3424 659 3466 ses
682 3409 769 3467 tantm
784 3416 812 3466 at
832 3413 936 3486 pecheu
951 3427 985 3467 en
1000 3409 1109 3468 suivant
1123 3408 1158 3467 de
1174 3425 1225 3469 son
1247 3425 1330 3466 coeur

96 3510 121 3553 Ι
135 3494 259 3571 proles.
301 3494 352 3556 lib.
373 3509 443 3569 pour
463 3493 499 3551 ini
518 3494 588 3552 taire
603 3511 656 3551 nne
670 3495 778 3553 humile
794 3497 952 3556 confession
967 3497 1001 3555 de
1019 3515 1066 3556 ses
1086 3496 1205 3572 pecten,
1225 3512 1259 3551 en
1273 3494 1329 3551 ani-

96 3586 128 3639 1
139 3580 175 3640 da
189 3596 280 3639 οιιιιι
293 3596 330 3637 nr.
347 3596 376 3654 p.

142 3680 175 3762 1)
196 3680 270 3741 oen
284 3680 500 3740 reeonnoiaeons
514 3696 577 3740 sans
594 3682 713 3741 teintise.

144 3780 175 3865 d)
197 3782 251 3843 lib.
270 3781 430 3857 incapablee
451 3782 487 3840 de
506 3798 576 3841 none
592 3785 691 3843 animes
706 3783 823 3843 d'nnonn
842 3783 906 3843 bien
926 3792 955 3845 at
970 3803 1021 3860 qne
1036 3801 1105 3843 nona
1121 3789 1328 3854 transgressum

96 3868 236 3930 ιῦιιιιιι
250 3869 386 3928 nemeaea
399 3875 441 3926 tea
456 3869 543 3927 saints
557 3869 818 3930 commendements.

145 3970 176 4053 d)
198 3970 269 4034 Gall.
285 3977 314 4030 et
334 3988 368 4029 en
384 3970 501 4046 adaquat
514 3989 566 4031 nos
584 3975 660 4033 vices
679 3981 707 4033 et
727 3976 855 4035 macules.
899 3974 948 4031 no.
969 3980 997 4030 et
1011 3989 1044 4028 en
1067 3983 1136 4026 nous
1158 3968 1330 4045 pardounant

96 4060 247 4135 epactes,
267 4057 396 4118 aoeorde.

146 4156 177 4235 5)
198 4158 267 4219 (iall.
283 4158 387 4233 eeiarqi
400 4175 470 4217 none
486 4166 514 4217 et
527 4168 680 4232 augmenta.
726 4163 756 4223 li.
770 4163 889 4220 accorda
903 4178 970 4218 noos
986 4164 1013 4216 at
1027 4174 1096 4216 nous
1109 4166 1263 4232 augmenta.

146 4258 178 4340 i)
198 4262 251 4322 lili.
273 4294 309 4305 -
331 4268 413 4323 notre
432 4261 560 4321 iniustiee
580 4280 650 4322 nous
671 4281 775 4338 sopora
791 4266 905 4323 touclrds
923 4260 1006 4320 d'une
1027 4262 1142 4322 doulenr
1159 4262 1266 4321 siucero
1283 4263 1328 4338 qui

96 4340 184 4407 *aba
195 4365 232 4408 en
244 4364 314 4409 noue
327 4349 355 4408 le
369 4350 456 4425 peche
470 4357 499 4407 et
515 4351 561 4425 qni
575 4350 716 4426 produise.

149 4448 178 4529 7)
190 4452 241 4510 to.
256 4452 395 4528 propriam
409 4452 520 4511 exhibet
534 4453 692 4512 Orationem
709 4451 832 4513 Sermoni
843 4450 1080 4528 praemittendam,
1096 4467 1175 4526 quam
1190 4468 1249 4510 enm
1261 4470 1328 4529 pre·

96 4528 147 4597 h
158 4536 276 4599 dualem
289 4538 354 4599 toiri
366 4540 502 4600 concione
516 4539 591 4600 dnita
604 4540 728 4600 dicendis
739 4540 893 4612 iungemus
908 4538 1047 4615 liturgiae
1060 4536 1225 4599 derniensi.
