3022 4920
654 107 728 180 2⁰5

68 308 152 385 diter
177 311 316 383 eelttteu
343 308 446 381 dinen
468 308 621 402 heiligen
647 311 738 402 geist
760 307 952 403 verlyhen,
980 309 1083 381 demit
1109 331 1153 405 ey
1177 313 1211 382 in
1240 307 1325 405 styl-

68 411 124 485 lent
148 423 351 485 verti-owen
384 412 436 483 vll
460 413 514 484 die
549 423 649 506 gille,
684 414 717 482 in
746 411 808 483 der
842 410 993 505 heiligen
1019 411 1071 483 Ee
1100 412 1230 502 leben,
1255 413 1325 484 alle

67 515 261 609 inlecitung
287 515 530 603 uherwinden,
560 519 618 587 mit
645 515 746 586 crucht
773 514 843 585 vnd
871 514 1091 610 eersemkeyt
1116 514 1322 607 rnenigklieh
1394 578 1398 585 .

10 702 14 721 ἱ
68 619 216 693 leeoereu
248 617 319 690 vnd
354 619 520 692 ulliuwen
553 618 700 710 negind.
748 614 908 710 Gestigne
941 640 983 712 sy
1018 618 1107 690 euch
1142 621 1211 689 wie
1246 617 1324 688 dine

10 724 15 749 ¹
72 721 167 793 liebeu
193 722 334 811 diener,
369 722 563 809 Abraham,
591 721 708 808 lsaac,
745 718 814 789 vnd
842 719 972 809 Jncob,
1006 721 1057 792 vll
1087 721 1148 795 dns
1175 744 1219 815 sy
1245 718 1322 791 diclr

72 846 103 895 un
120 824 179 897 der
199 824 315 896 lrueht
337 827 412 916 jres
438 825 517 921 lybs
539 824 665 897 lobend
689 824 756 894 und
780 822 941 918 prysind:
971 824 1061 895 vnnd
1088 823 1142 894 die
1167 823 1324 914 selligen

10 956 16 1017 3
73 928 111 998 lir
133 927 233 1000 relob
259 926 330 999 und
358 951 439 1018 eer,
475 928 564 999 euch
592 950 634 998 ne
661 926 829 998 lromuren
858 925 918 998 des
945 926 1109 999 nichoten
1139 923 1321 998 vluiehind.

10 1022 15 1071 ἶ
72 1028 166 1104 drlitr
197 1052 263 1104 vus
304 1029 536 1107 himmlieeher
573 1040 687 1102 uniter
726 1029 834 1101 durch
871 1051 999 1103 unsern
1035 1028 1169 1100 Herren
1206 1029 1323 1102 lesum

10 1132 16 1167 ³
74 1131 243 1224 Christum,
269 1133 392 1209 Amen.
443 1131 542 1207 (lond
570 1135 626 1204 hin
653 1135 697 1204 im
724 1132 871 1211 friden„

240 1594 277 1668 C.
322 1594 401 1667 EX
428 1592 690 1667 nonNon
717 1592 995 1665 GALLICA
1025 1598 1132 1667 1668.

257 1758 265 1765 ·
359 1745 406 1809 Lo
427 1744 567 1809 tiamne
589 1748 630 1809 de
649 1748 789 1809 celebrer
809 1746 838 1807 le
861 1743 1013 1826 Mariope.

139 1912 161 1976 ll
183 1915 242 1979 laut
266 1925 350 1978 noter
372 1935 429 1997 que
451 1914 554 1978 deuant
580 1934 637 1996 que
665 1914 701 1976 de
730 1915 861 1976 celebrer
889 1914 916 1977 le
938 1912 1083 1994 lleriege,
1116 1931 1154 1975 ou
1176 1913 1204 1973 le
1225 1910 1323 1993 publie

74 2031 100 2074 en
116 2014 229 2098 l'llgliee
257 2035 315 2098 per.
335 2019 406 2079 troie
432 2017 621 2080 Dimanches:
648 2017 702 2077 elin
727 2035 784 2096 que
809 2018 833 2076 si
858 2016 1013 2097 quelqu'rn
1043 2015 1178 2092 ysauoit
1197 2011 1323 2094 quelque

72 2118 304 2197 enpeeclueiueut,
332 2119 353 2179 il
373 2118 402 2179 le
421 2121 497 2181 vinst
517 2119 663 2179 denoncer
681 2118 717 2178 de
738 2118 833 2178 bonne
853 2117 960 2178 heure:
991 2135 1027 2177 ou
1049 2118 1073 2177 si
1094 2134 1184 2178 aucun
1206 2134 1225 2192 y
1245 2114 1322 2174 auoit

70 2216 169 2280 interest
188 2218 259 2300 qu'il
279 2221 323 2297 a’y
344 2231 427 2301 peust
453 2238 589 2302 opposer.
611 2223 636 2300 ¹)

137 2316 207 2381 Gela
232 2319 299 2399 leit,
336 2319 381 2383 les
410 2322 516 2403 parties
542 2340 575 2381 ee
605 2323 739 2382 vienneut
771 2329 920 2399 presentet
952 2340 987 2381 en
1015 2327 1257 2381 eonneneenent
1285 2315 1323 2377 du

66 2437 174 2481 ennon.
187 2421 221 2502 ¹)

135 2521 223 2583 Alere
244 2521 273 2582 le
294 2521 423 2585 llinietre
446 2521 504 2584 dit:

60 2670 248 2681 ———

138 2748 166 2822 l)
187 2747 233 2802 R:
259 2746 398 2816 „Proinde
414 2747 437 2801 ei
456 2762 525 2818 quoe
540 2747 612 2801 lleue
631 2744 665 2800 nd
680 2747 733 2802 luoc
748 2745 820 2803 uitae
836 2762 924 2816 genus
946 2745 1070 2812 necarit,
1094 2749 1235 2815 postquem
1251 2743 1322 2799 inter

58 2830 126 2902 ipsos
148 2839 194 2887 aut
212 2838 341 2904 parentes
356 2847 450 2887 eorum
466 2832 503 2886 ita
520 2830 693 2886 constitutum
716 2840 743 2886 et
759 2837 844 2886 return
860 2831 956 2898 luerit,
977 2829 1093 2900 dataque
1111 2828 1163 2883 llde
1180 2829 1322 2895 lirinatunr,

57 2924 145 2986 partor
166 2917 272 2973 certior
291 2916 395 2986 iaetus,
421 2917 507 2972 tribue
529 2915 678 2970 Dominicis
697 2916 792 2973 diebus
815 2916 849 2971 de
876 2932 910 2971 ee
934 2914 1142 2970 commonefacit
1160 2912 1322 2980 Ecclesiam,

58 3009 82 3056 ut
95 3007 180 3058 orent
193 3009 289 3058 nurnee'
305 3018 356 3075 pro
373 3002 534 3073 desponsio,
551 3007 578 3055 et
594 3000 616 3054 si
632 3003 691 3071 quie
706 3002 805 3074 eliqnid
822 3002 975 3070 intelliget,
993 3016 1046 3071 quo
1063 3000 1148 3055 minue
1160 2999 1239 3071 jungi
1255 3014 1322 3072 poe·

57 3087 123 3157 sint,
141 3089 311 3160 intempore
327 3087 480 3166 admonent.
508 3085 629 3156 Denique
644 3086 715 3143 diem
734 3088 819 3160 ipsunt
835 3089 938 3159 populo
954 3086 1109 3153 denunciet,
1128 3102 1180 3157 quo
1196 3092 1322 3155 coeptum

56 3174 212 3246 conjugium
227 3172 334 3229 solenni
351 3173 404 3229 ritu
420 3173 577 3228 absoluatur
595 3189 688 3228 eorum
702 3179 758 3229 tota
774 3172 931 3228 Ecclesia.“
976 3173 1036 3234 W.:
1058 3170 1252 3242 „diatritonuio
1273 3184 1321 3225 co·

54 3258 230 3330 pulandorunr
245 3257 352 3313 nomine
368 3258 453 3313 ternis
471 3257 566 3313 diebus
580 3257 721 3313 dominicis
736 3274 787 3329 pro
803 3265 935 3328 suggestu
952 3257 985 3312 ad
1001 3259 1126 3330 populum
1143 3256 1198 3322 edi,
1217 3262 1245 3310 et
1260 3271 1323 3309 uene

55 3360 141 3402 rerum
156 3351 185 3399 et
202 3343 372 3415 experientia
392 3342 548 3414 quotidiana
563 3349 686 3399 tentetur.
720 3344 807 3399 »triten
826 3360 893 3398 uero
910 3360 987 3414 quani
1005 3343 1072 3398 haec
1088 3341 1222 3397 nominum
1238 3338 1323 3392 editio

56 3428 98 3483 dut
110 3428 214 3487 dotem
227 3445 259 3485 ce
273 3445 325 3484 uua
343 3444 403 3484 cum
417 3429 576 3501 parentibus
595 3435 640 3483 aut
654 3427 825 3483 curatoribus
841 3429 964 3483 ministro
980 3435 1009 3483 et
1023 3427 1129 3485 duobus
1144 3441 1209 3482 sune
1226 3421 1323 3477 clareii

55 3512 230 3583 senioribus,
256 3520 286 3569 ut
307 3513 340 3569 de
358 3512 394 3569 iie
416 3529 486 3584 quae
505 3512 662 3569 necessaria
688 3528 749 3568 esee
771 3512 995 3569 existimabuntur
1015 3512 1122 3585 possint
1146 3505 1322 3577 interrogari.

55 3597 110 3664 Quo
125 3599 204 3655 lacto
219 3613 313 3655 eorurn
329 3598 436 3654 nonina
452 3598 553 3655 tabulis
568 3597 684 3671 publicis
701 3596 967 3666 consignebuntur.“
1012 3595 1138 3653 Fliedner
1152 3594 1168 3649 l.
1186 3609 1208 3648 c.
1227 3610 1253 3664 p.
1264 3589 1323 3650 eo:

55 3683 123 3753 „oie
138 3682 293 3740 luireltliclre
307 3684 434 3753 Trcuuug
447 3683 484 3741 ist
498 3683 551 3739 neit
572 3683 620 3738 der
643 3681 846 3737 lranniisiecluen
862 3680 1121 3737 Gewntttnmctnn
1143 3678 1179 3733 iun
1193 3676 1322 3733 Anneheu

54 3769 114 3825 sehr
136 3768 293 3840 gamulan.
323 3770 361 3824 lla
383 3768 433 3824 dae
456 3766 641 3824 [renudeieche
657 3768 754 3823 Genetu
777 3767 821 3822 die
836 3766 1013 3835 Sehlieeeung
1034 3765 1084 3820 der
1100 3763 1156 3819 Ehe
1177 3762 1218 3817 als
1241 3760 1322 3817 einen

53 3851 307 3925 reiulrttrgarliclren
322 3853 376 3909 Act
397 3853 504 3909 ancient
522 3852 574 3908 und
594 3851 638 3908 die
658 3851 815 3921 burgerlich
831 3850 977 3907 Getrauten
996 3849 1079 3903 durch
1095 3847 1188 3904 diesen
1207 3847 1261 3904 Act
1275 3860 1323 3900 eo-

52 3938 145 4007 gleiclr
160 3938 189 3994 iu
205 3937 277 4009 alle,
296 3937 368 3993 uiclrt
384 3937 460 3995 blore
477 3937 672 4009 btlrgerliclre,
695 3935 815 3992 eondern
831 3936 897 3991 auch
913 3933 1063 3990 kirchliclre
1078 3933 1180 3990 Rechte
1195 3949 1219 3989 u.
1234 3931 1262 3986 tt.
1277 3929 1323 3985 bei

53 4021 273 4085 Arnenhiueern
288 4030 393 4094 treten‚
416 4024 555 4079 selaeseu
572 4023 641 4078 noel
658 4024 726 4093 jetct
746 4021 840 4076 irnmer
857 4018 934 4074 Viele
952 4019 1010 4074 siclt
1026 4018 1100 4074 nicht
1114 4015 1248 4075 luirclrliclr
1263 4013 1322 4069 eiu-

52 4123 169 4177 uegueu.
205 4107 256 4163 trie
271 4107 383 4177 synode
408 4108 455 4164 hat
475 4125 506 4163 ee
525 4108 609 4163 dalrer
626 4111 693 4164 1816
714 4106 811 4175 udthig
830 4101 986 4175 gerunden,
1008 4102 1053 4161 die
1074 4099 1254 4160 l'aeeliclrlueit
1270 4098 1325 4155 und

51 4191 312 4261 Pdiclutrullcriakeit
326 4191 403 4248 einer
417 4192 586 4248 kirchlichen
602 4190 780 4259 Eiueennunp
796 4187 959 4257 dringendst
972 4204 1004 4243 cu
1023 4189 1208 4259 emplelrlen.“

137 4290 172 4366 2)
194 4292 242 4351 d:
270 4290 405 4364 Qu'apre'e
426 4292 450 4347 lu
474 4291 641 4364 publication
664 4290 714 4346 dee
737 4291 806 4346 bane
825 4295 1014 4343 accuucturnea
1036 4304 1072 4344 on
1093 4288 1205 4344 celebra
1227 4294 1254 4343 et
1274 4286 1324 4341 he·

49 4376 128 4432 uiue
150 4375 178 4433 le
200 4374 324 4446 {ariane
339 4391 373 4431 au
387 4372 524 4446 l'Eplita,
547 4373 636 4446 quand
658 4374 699 4430 lee
718 4374 821 4446 partieo
844 4373 869 4428 le
888 4379 1038 4444 renuerent
1058 4378 1115 4428 trut
1136 4373 1163 4429 le
1178 4368 1325 4429 lliuanclre
