2992 4926
740 194 787 265 12

128 401 158 458 et
176 398 228 476 qut
246 397 281 458 in
301 396 349 460 bis
368 403 534 459 cerrordur
555 405 733 460 reverenter
747 403 776 458 et
796 393 929 457 modeste
943 395 1124 457 conuersuri
1139 393 1270 472 debere,
1293 405 1395 474 ntpote

127 499 181 577 put
201 501 260 561 siret
280 502 313 562 io
333 500 400 562 loeo
420 518 530 576 suero,
559 519 664 562 corum
684 498 744 560 Dei
772 506 934 577 conspecto
964 500 993 558 et
1019 507 1196 560 sanctornm
1217 502 1396 578 ortpetorum

127 601 201 662 ebro.
245 598 347 682 Lonpe
366 602 459 682 ipitmr
480 623 501 664 o
520 602 637 682 teoeplis
662 609 691 663 et
711 602 854 662 orotom'r'e
873 597 1115 662 Cltmrtiunomom
1135 598 1337 679 repellendue‘
1352 610 1397 663 est

126 703 258 764 omm‘um
277 705 404 765 cestium
416 703 526 781 lomes,
552 705 648 765 omme
661 702 810 782 superbio
829 710 858 765 et
875 703 976 764 omm‘o
997 720 1078 782 quoe
1099 703 1311 779 bnodlitotem,
1331 704 1395 764 dis-

128 803 275 883 cepenam
296 812 325 867 et
346 806 525 866 modestiam
547 806 697 867 dedecent
716 801 933 895 Cbrisdonom.
965 801 1012 866 Ao
1030 823 1123 866 cerus
1144 806 1323 884 templorum
1344 825 1394 867 or-

126 915 217 968 natus
238 926 297 968 non
317 916 432 969 constet
451 907 559 983 ebore,
581 926 659 969 auro
680 914 710 968 et
728 907 872 986 peremis,
897 906 955 967 sed
970 907 1168 987 frupolt'tote,
1195 908 1311 986 pietate
1331 911 1394 970 oir-

127 1009 300 1088 tortumque
318 1029 422 1071 eornm
444 1011 497 1089 qul
519 1016 684 1071 rorantur
702 1011 735 1070 im
757 1010 875 1088 templo.

210 1108 289 1189 Ergo
308 1111 452 1171 contineat
466 1109 609 1188 ecclesia,
632 1108 710 1191 quod
727 1111 879 1189 requiritur
896 1108 932 1171 ad
946 1111 1016 1171 ritus
1036 1119 1065 1171 et
1087 1128 1157 1170 usus
1180 1108 1324 1170 ecclesiae
1345 1127 1393 1170 ne·

126 1214 279 1274 censarius.
322 1211 383 1275 Sed
403 1212 584 1293 requiruntur
606 1230 768 1293 perpauca,
792 1213 923 1292 quoniam
946 1212 975 1272 iu
998 1211 1098 1273 ritihus
1121 1220 1246 1272 sectetur
1268 1210 1394 1271 ecclesie

125 1314 306 1393 Diogenem,
333 1317 433 1394 paucis
461 1322 632 1375 contentum.
677 1313 782 1375 Contra
809 1311 927 1394 plurime
949 1323 1029 1393 suut,
1058 1331 1133 1395 quae
1154 1331 1190 1375 ex
1211 1312 1328 1393 templis
1348 1332 1393 1375 re·

125 1416 265 1479 movenda
288 1425 440 1478 censentur
462 1425 490 1478 et
510 1415 707 1497 propellenda.

209 1518 283 1582 Dico
306 1520 425 1599 primum
446 1518 592 1581 ulteria.
636 1519 743 1580 Audies
762 1517 954 1597 bullingerum
984 1518 1012 1578 in
1033 1515 1253 1577 Reiormetionis
1275 1516 1394 1579 historia

126 1618 149 1681 l.
166 1618 239 1685 367.
263 1623 381 1701 primum
404 1623 563 1684 eversionis
582 1623 743 1703 exemplum
769 1640 806 1683 ex
832 1619 1012 1700 simplicitate
1045 1639 1095 1680 sue
1122 1627 1295 1681 narrantem:
1339 1617 1394 1683 Ate

124 1730 180 1785 mit
200 1724 418 1787 disterminder
439 1727 491 1786 die
511 1722 614 1788 Actor
643 1727 709 1788 und
730 1723 995 1786 Sacramentbitsb'
1014 1724 1047 1784 im
1068 1723 1129 1784 den
1157 1721 1286 1802 leptobem
1308 1728 1392 1784 stitu-

126 1826 217 1903 dent,
245 1827 336 1888 word
362 1825 510 1904 erbomdt,
539 1828 599 1889 dos
625 1847 698 1889 mom
723 1846 759 1906 sy
786 1826 984 1904 obseblpsoem
1008 1823 1122 1900 odlllte,
1147 1824 1208 1885 dus
1233 1824 1314 1885 octob
1340 1823 1392 1886 be·

85 1930 88 1935 ’
123 1928 255 2007 scbueb,
284 1930 394 1992 domitt
414 1930 494 1992 ouob
518 1929 569 1993 die
590 1929 800 2010 peddobtmuss
824 1929 882 1990 der
909 1927 1065 2007 umellpen
1090 1928 1203 2007 dingen
1231 1923 1392 2006 obpierepe.

124 2066 167 2079 -
189 2066 226 2076 -
272 2029 311 2093 Im
337 2030 465 2095 Summo
491 2052 563 2095 mom
592 2032 690 2095 bracle
714 2034 746 2093 in
769 2028 885 2093 Zdrr'ob
910 2031 970 2093 olle
996 2027 1297 2104 Socromemtbr‘t'clin,
1322 2029 1393 2105 ¹crud

124 2134 226 2199 Attum
243 2136 276 2196 im
290 2136 396 2216 prend
417 2136 458 2197 ob
480 2137 545 2198 und
567 2143 722 2197 oermuret
743 2135 794 2195 die
814 2131 933 2196 turbem.
980 2128 1050 2192 Uno
1071 2150 1122 2192 orn
1144 2127 1174 2194 8.
1196 2128 1266 2210 lrdy
1282 2127 1392 2210 (1527)

123 2257 226 2303 nomm
252 2255 324 2298 mon
352 2238 404 2298 die
430 2237 663 2315 [romoltorsteio
685 2237 777 2318 (arce
806 2234 942 2311 maioris)
968 2254 1006 2295 no
1027 2234 1097 2295 dem
1117 2231 1391 2306 Frouoemmdneter,

123 2360 162 2402 nn
189 2340 250 2400 deo
273 2337 460 2417 predicere,
492 2334 684 2416 Borsdssern
708 2338 773 2398 und
797 2333 1002 2415 despuendam
1026 2336 1091 2398 ond
1111 2336 1177 2415 setrt
1195 2355 1231 2416 cy
1257 2342 1296 2397 nit
1322 2337 1391 2398 dem

123 2461 253 2525 promen
273 2437 422 2502 Mdnster.
465 2435 517 2501 Da
539 2440 629 2500 uoord
651 2441 807 2502 eimnttme
831 2435 954 2501 coronet
981 2459 1019 2500 us
1040 2439 1183 2500 ermedeo
1204 2440 1321 2502 otcinem
1337 2458 1389 2518 pe

125 2546 248 2609 bmoen:
282 2541 357 2603 und
384 2539 492 2603 word
521 2540 591 2602 der
621 2537 841 2604 Altarster‘n
867 2560 941 2603 com
977 2542 1047 2604 dem
1071 2542 1308 2621 prediperm,
1334 2541 1391 2603 olo

125 2649 193 2710 der
213 2644 362 2723 ldrtpr'ot
383 2662 480 2719 coar,
512 2644 552 2704 in
575 2644 710 2705 mittem
728 2644 884 2723 peleit,
902 2645 973 2706 dos
995 2664 1035 2706 er
1053 2645 1235 2725 fdrpiny,
1262 2646 1305 2704 im
1328 2646 1391 2707 die

126 2746 302 2821 Comtcet,
326 2746 473 2826 dorusf
481 2747 639 2807 ietcumd
658 2747 729 2808 der
744 2747 960 2825 predicunt
980 2746 1098 2810 stadt.
1112 2745 1137 2823 ¹)
1164 2745 1232 2808 llox
1254 2745 1389 2808 Turicen·

125 2852 197 2912 sium
224 2847 384 2925 audacium,
418 2845 496 2908 velut
521 2846 743 2909 laudatissimum
773 2848 932 2928 exemplar,
962 2850 1102 2910 imitentur
1129 2848 1257 2929 reliquae
1286 2850 1390 2910 urbes:

124 2953 286 3033 ubicunque
306 2947 493 3011 demoliuntur
512 2968 592 3027 crus,
616 2950 756 3012 ecclesias
773 2960 803 3012 ut
824 2953 1005 3031 cpinmrtura
1028 2950 1148 3030 profano
1169 2950 1313 3013 dedecore
1330 2955 1389 3014 vin-

125 3053 228 3116 dicant.
272 3051 408 3112 Altarium
434 3051 502 3112 loeo
527 3051 641 3131 ligneae
662 3062 802 3132 ponuntur
820 3051 948 3130 tabulae,
977 3051 1012 3112 ud
1035 3068 1152 3114 coenem
1174 3070 1282 3114 suoram
1303 3055 1389 3116 admi·

124 3153 293 3218 nistrandnm
311 3154 448 3215 idoneae:
477 3170 542 3214 raro
573 3154 689 3216 chorum
712 3155 855 3217 eeclesiae
881 3164 1037 3236 occupent,
1069 3155 1119 3216 sed
1147 3156 1175 3217 in
1202 3156 1293 3217 medin
1316 3158 1390 3219 rede

125 3258 302 3321 collocuntur
322 3256 370 3317 vel
392 3257 445 3317 sub
462 3257 583 3318 oratoris
603 3258 723 3338 pulpito.
767 3257 812 3319 Ex
832 3257 981 3320 multorum
996 3257 1130 3320 librorum
1155 3260 1183 3320 in
1209 3278 1272 3320 arus
1293 3260 1388 3323 decla·

123 3361 294 3428 mationibus
313 3360 418 3421 sufficit
440 3359 593 3440 disputatio
611 3359 773 3423 bremensis
795 3361 891 3443 (ur.):
927 3360 1087 3425 Nocbdem
1107 3363 1165 3426 wir
1187 3359 1327 3426 Cbm‘sten
1348 3368 1390 3427 im

122 3487 223 3531 moen
243 3462 431 3540 Tmtcment,
454 3464 614 3543 ciperetlicb
635 3485 673 3526 nc
691 3466 806 3542 reden,
826 3465 930 3528 moder
947 3461 1038 3527 Attor
1058 3465 1136 3527 nocte
1159 3462 1255 3546 Opfer
1277 3467 1389 3546 beben,

124 3572 181 3634 tote
204 3575 295 3630 enter
325 3566 394 3627 dem
417 3565 523 3628 Gesetn
543 3564 638 3628 blesis
665 3566 734 3630 Und
760 3568 810 3629 die
837 3564 981 3647 Popisten
1001 3586 1062 3628 rtur
1089 3568 1201 3629 domem
1224 3569 1276 3631 die
1297 3567 1390 3633 Alter

124 3669 308 3736 coiederomb
330 3686 390 3729 ons
412 3669 481 3730 dem
500 3669 582 3731 alten
601 3667 791 3732 Levitiseben
811 3666 1028 3731 Pm'estertbnm
1045 3671 1233 3751 einpesr'c'brt,
1255 3673 1324 3735 weit
1342 3677 1389 3738 sie

125 3792 184 3835 ons
209 3773 277 3835 dem
296 3768 490 3834 Abendmobl
511 3771 560 3833 eio
582 3767 753 3853 Messopfer
776 3772 915 3852 pernoctet
936 3807 973 3817 -
996 3791 1031 3835 so
1050 3773 1123 3834 sind
1142 3772 1261 3837 bisbero
1279 3794 1321 3837 ort
1343 3786 1387 3839 et-

123 3874 224 3938 licben
240 3869 334 3934 Orten
355 3873 458 3934 dieser
472 3869 582 3934 bonde
601 3873 700 3936 dureb
721 3872 852 3937 Beoeleb
872 3875 930 3936 der
950 3871 1105 3956 Obrtplree't
1125 3877 1228 3940 solobe
1240 3897 1302 3959 por
1323 3877 1387 3942 Ab·

122 3975 271 4058 pbttiscbe
284 3971 374 4035 Alter
393 3974 558 4054 (dorirtmen
573 3993 646 4071 mom
663 3978 750 4038 einen
765 3995 893 4058 crossen
910 3974 997 4040 Wust
1010 3978 1156 4040 erticbteo
1170 3976 1390 4059 Heibptbumbe

123 4077 290 4160 pepinum)
310 4076 537 4157 binmeppetbon
554 4073 625 4140 Und
644 4079 768 4142 werden
787 4097 828 4140 on
843 4079 1002 4142 derselben
1019 4086 1092 4142 stott
1107 4081 1250 4160 beqneme
1268 4081 1388 4163 Ticcbe,

212 4322 240 4401 l)
256 4326 389 4399 lutelligit
403 4326 492 4383 lector
507 4327 634 4384 cordatus
647 4326 727 4383 multe
743 4344 829 4401 eaque
840 4326 1001 4399 gravissimu
1013 4329 1063 4385 bec
1075 4330 1269 4388 historiunculc
1281 4331 1387 4396 doceri.

125 4412 196 4472 sne
209 4429 289 4484 vero,
304 4412 377 4486 quod
391 4412 554 4470 Reiormetis
567 4413 706 4487 proprium
720 4421 778 4487 est,
795 4414 882 4472 solum
897 4414 1008 4473 verbum
1020 4417 1132 4476 maxime
1146 4419 1238 4476 iecere
1253 4434 1286 4477 ec
1301 4423 1387 4479 verbo

125 4499 308 4576 posthabere,
330 4505 541 4573 sacromentum,
562 4498 638 4574 quusi
651 4499 786 4576 lapidibus
800 4518 959 4575 expressum
972 4501 1059 4566 vides.
