<?xml version="1.0" encoding="UTF-8"?>
<!DOCTYPE html PUBLIC "-//W3C//DTD XHTML 1.0 Transitional//EN"
    "http://www.w3.org/TR/xhtml1/DTD/xhtml1-transitional.dtd">
<html xmlns="http://www.w3.org/1999/xhtml" xml:lang="en" lang="en">
 <head>
  <title>
</title>
<meta http-equiv="Content-Type" content="text/html;charset=utf-8" />
  <meta name='ocr-system' content='tesseract 3.04.00' />
  <meta name='ocr-capabilities' content='ocr_page ocr_carea ocr_par ocr_line ocrx_word'/>
</head>
<body>
  <div class='ocr_page' id='page_1' title='image "./codexliturgicus01danigoog_0226.png"; bbox 0 0 3022 4920; ppageno 0'>
   <div class='ocr_carea' id='block_1_1' title="bbox 735 114 809 187">
    <p class='ocr_par' dir='ltr' id='par_1_1' title="bbox 735 114 809 187">
     <span class='ocr_line' id='line_1_1' title="bbox 735 114 809 187; baseline -0.027 -1"><span class='ocrx_word' id='word_1_1' title='bbox 735 114 809 187; x_wconf 72' lang='lat'><strong>2⁰7</strong></span> 
     </span>
    </p>
   </div>
   <div class='ocr_carea' id='block_1_2' title="bbox 142 314 1409 727">
    <p class='ocr_par' dir='ltr' id='par_1_2' title="bbox 142 314 1409 727">
     <span class='ocr_line' id='line_1_2' title="bbox 142 314 1404 415; baseline -0.001 -24"><span class='ocrx_word' id='word_1_2' title='bbox 142 315 259 415; x_wconf 83' lang='lat' dir='ltr'><strong>temple</strong></span> <span class='ocrx_word' id='word_1_3' title='bbox 279 316 325 391; x_wconf 79' lang='lat' dir='ltr'><strong>de</strong></span> <span class='ocrx_word' id='word_1_4' title='bbox 345 315 450 408; x_wconf 67' lang='lat' dir='ltr'><strong>Rieu</strong></span> <span class='ocrx_word' id='word_1_5' title='bbox 473 322 558 393; x_wconf 86' lang='lat' dir='ltr'><strong>e’est</strong></span> <span class='ocrx_word' id='word_1_6' title='bbox 580 321 601 390; x_wconf 79' lang='lat' dir='ltr'><strong>a</strong></span> <span class='ocrx_word' id='word_1_7' title='bbox 624 317 718 411; x_wconf 77' lang='lat' dir='ltr'><strong>dire,</strong></span> <span class='ocrx_word' id='word_1_8' title='bbox 742 339 806 393; x_wconf 88' lang='lat' dir='ltr'><strong>uus</strong></span> <span class='ocrx_word' id='word_1_9' title='bbox 826 338 949 414; x_wconf 66' lang='lat' dir='ltr'><strong>corps,</strong></span> <span class='ocrx_word' id='word_1_10' title='bbox 972 337 1018 390; x_wconf 89' lang='lat' dir='ltr'><strong>ua</strong></span> <span class='ocrx_word' id='word_1_11' title='bbox 1038 318 1152 394; x_wconf 81' lang='lat' dir='ltr'><strong>soient</strong></span> <span class='ocrx_word' id='word_1_12' title='bbox 1171 319 1268 414; x_wconf 83' lang='lat' dir='ltr'><strong>pulut</strong></span> <span class='ocrx_word' id='word_1_13' title='bbox 1288 314 1404 392; x_wconf 78' lang='lat' dir='ltr'><strong>alelen</strong></span> 
     </span>
     <span class='ocr_line' id='line_1_3' title="bbox 142 420 1406 518; baseline -0.001 -25"><span class='ocrx_word' id='word_1_14' title='bbox 142 431 174 493; x_wconf 86' lang='lat' dir='ltr'><strong>et</strong></span> <span class='ocrx_word' id='word_1_15' title='bbox 194 442 406 518; x_wconf 76' lang='lat' dir='ltr'><strong>eunounpua.</strong></span> <span class='ocrx_word' id='word_1_16' title='bbox 462 420 530 493; x_wconf 85' lang='lat' dir='ltr'><strong>Gar</strong></span> <span class='ocrx_word' id='word_1_17' title='bbox 556 424 633 517; x_wconf 84' lang='lat' dir='ltr'><strong>puis</strong></span> <span class='ocrx_word' id='word_1_18' title='bbox 662 443 729 516; x_wconf 92' lang='lat' dir='ltr'><strong>qne</strong></span> <span class='ocrx_word' id='word_1_19' title='bbox 755 442 820 494; x_wconf 90' lang='lat' dir='ltr'><strong>nos</strong></span> <span class='ocrx_word' id='word_1_20' title='bbox 846 442 950 517; x_wconf 85' lang='lat' dir='ltr'><strong>eorps</strong></span> <span class='ocrx_word' id='word_1_21' title='bbox 977 432 1056 496; x_wconf 88' lang='lat' dir='ltr'><strong>sunt</strong></span> <span class='ocrx_word' id='word_1_22' title='bbox 1083 420 1136 496; x_wconf 91' lang='lat' dir='ltr'><strong>les</strong></span> <span class='ocrx_word' id='word_1_23' title='bbox 1163 420 1335 493; x_wconf 82' lang='lat' dir='ltr'><strong>membres</strong></span> <span class='ocrx_word' id='word_1_24' title='bbox 1363 422 1406 492; x_wconf 89' lang='lat' dir='ltr'><strong>de</strong></span> 
     </span>
     <span class='ocr_line' id='line_1_4' title="bbox 143 521 1406 620; baseline 0.002 -25"><span class='ocrx_word' id='word_1_25' title='bbox 143 522 229 598; x_wconf 83' lang='lat' dir='ltr'><strong>lesus</strong></span> <span class='ocrx_word' id='word_1_26' title='bbox 257 521 394 612; x_wconf 77' lang='lat' dir='ltr'>Christ,</span> <span class='ocrx_word' id='word_1_27' title='bbox 426 545 468 599; x_wconf 82' lang='lat' dir='ltr'><strong>ee</strong></span> <span class='ocrx_word' id='word_1_28' title='bbox 499 527 607 596; x_wconf 82' lang='lat' dir='ltr'><strong>seruit</strong></span> <span class='ocrx_word' id='word_1_29' title='bbox 633 546 679 596; x_wconf 86' lang='lat' dir='ltr'><strong>vn</strong></span> <span class='ocrx_word' id='word_1_30' title='bbox 707 534 784 620; x_wconf 87' lang='lat' dir='ltr'><strong>trop</strong></span> <span class='ocrx_word' id='word_1_31' title='bbox 818 523 928 616; x_wconf 80' lang='lat' dir='ltr'><strong>grand</strong></span> <span class='ocrx_word' id='word_1_32' title='bbox 956 535 1103 618; x_wconf 77' lang='lat' dir='ltr'><strong>outrage</strong></span> <span class='ocrx_word' id='word_1_33' title='bbox 1137 525 1215 596; x_wconf 88' lang='lat' dir='ltr'><strong>d’en</strong></span> <span class='ocrx_word' id='word_1_34' title='bbox 1242 523 1328 596; x_wconf 84' lang='lat' dir='ltr'><strong>faire</strong></span> <span class='ocrx_word' id='word_1_35' title='bbox 1354 524 1406 597; x_wconf 84' lang='lat' dir='ltr'><strong>les</strong></span> 
     </span>
     <span class='ocr_line' id='line_1_5' title="bbox 146 623 1409 727; baseline -0.001 -28"><span class='ocrx_word' id='word_1_36' title='bbox 146 626 304 700; x_wconf 75' lang='lat' dir='ltr'>membres</span> <span class='ocrx_word' id='word_1_37' title='bbox 339 626 442 699; x_wconf 81' lang='lat' dir='ltr'><strong>d&#39;vna</strong></span> <span class='ocrx_word' id='word_1_38' title='bbox 467 623 645 722; x_wconf 84' lang='lat' dir='ltr'><strong>paillarde.</strong></span> <span class='ocrx_word' id='word_1_39' title='bbox 696 626 789 701; x_wconf 87' lang='lat' dir='ltr'><strong>C’est</strong></span> <span class='ocrx_word' id='word_1_40' title='bbox 822 631 995 723; x_wconf 86' lang='lat' dir='ltr'><strong>pourquai</strong></span> <span class='ocrx_word' id='word_1_41' title='bbox 1021 650 1067 699; x_wconf 91' lang='lat' dir='ltr'><strong>un</strong></span> <span class='ocrx_word' id='word_1_42' title='bbox 1095 628 1147 701; x_wconf 84' lang='lat' dir='ltr'><strong>les</strong></span> <span class='ocrx_word' id='word_1_43' title='bbox 1181 628 1252 699; x_wconf 86' lang='lat' dir='ltr'><strong>duit</strong></span> <span class='ocrx_word' id='word_1_44' title='bbox 1280 625 1409 727; x_wconf 77' lang='lat' dir='ltr'><strong>garder</strong></span> 
     </span>
    </p>
   </div>
   <div class='ocr_carea' id='block_1_3' title="bbox 146 728 1407 906">
    <p class='ocr_par' dir='ltr' id='par_1_3' title="bbox 146 728 1407 906">
     <span class='ocr_line' id='line_1_6' title="bbox 146 728 1407 827; baseline 0 -26"><span class='ocrx_word' id='word_1_45' title='bbox 146 752 181 801; x_wconf 82' lang='lat' dir='ltr'><strong>en</strong></span> <span class='ocrx_word' id='word_1_46' title='bbox 209 740 306 802; x_wconf 85' lang='lat' dir='ltr'><strong>toute</strong></span> <span class='ocrx_word' id='word_1_47' title='bbox 338 733 514 804; x_wconf 77' lang='lat' dir='ltr'><strong>sainutete.</strong></span> <span class='ocrx_word' id='word_1_48' title='bbox 561 728 629 801; x_wconf 83' lang='lat' dir='ltr'><strong>Gar</strong></span> <span class='ocrx_word' id='word_1_49' title='bbox 661 732 690 803; x_wconf 89' lang='lat' dir='ltr'><strong>si</strong></span> <span class='ocrx_word' id='word_1_50' title='bbox 722 751 834 802; x_wconf 79' lang='lat' dir='ltr'><strong>aucun</strong></span> <span class='ocrx_word' id='word_1_51' title='bbox 860 731 955 803; x_wconf 89' lang='lat' dir='ltr'><strong>viole</strong></span> <span class='ocrx_word' id='word_1_52' title='bbox 989 730 1023 801; x_wconf 86' lang='lat' dir='ltr'><strong>le</strong></span> <span class='ocrx_word' id='word_1_53' title='bbox 1057 730 1184 827; x_wconf 90' lang='lat' dir='ltr'><strong>temple</strong></span> <span class='ocrx_word' id='word_1_54' title='bbox 1219 730 1262 801; x_wconf 88' lang='lat' dir='ltr'><strong>de</strong></span> <span class='ocrx_word' id='word_1_55' title='bbox 1290 729 1407 819; x_wconf 77' lang='lat' dir='ltr'><strong>Dion,</strong></span> 
     </span>
     <span class='ocr_line' id='line_1_7' title="bbox 149 832 1070 906; baseline 0.001 -3"><span class='ocrx_word' id='word_1_56' title='bbox 149 832 222 904; x_wconf 76' lang='lat' dir='ltr'><strong>[tien</strong></span> <span class='ocrx_word' id='word_1_57' title='bbox 249 832 284 905; x_wconf 85' lang='lat' dir='ltr'><strong>le</strong></span> <span class='ocrx_word' id='word_1_58' title='bbox 310 832 473 906; x_wconf 71' lang='lat' dir='ltr'><strong>detrnira.</strong></span> <span class='ocrx_word' id='word_1_59' title='bbox 1065 864 1070 871; x_wconf 95' lang='lat'>·</span> 
     </span>
    </p>
   </div>
   <div class='ocr_carea' id='block_1_4' title="bbox 152 950 1410 1467">
    <p class='ocr_par' dir='ltr' id='par_1_4' title="bbox 152 950 1410 1467">
     <span class='ocr_line' id='line_1_8' title="bbox 223 950 1408 1047; baseline 0.002 -24"><span class='ocrx_word' id='word_1_60' title='bbox 223 950 323 1026; x_wconf 80' lang='lat' dir='ltr'><strong>Vnus</strong></span> <span class='ocrx_word' id='word_1_61' title='bbox 350 951 440 1025; x_wconf 84' lang='lat' dir='ltr'><strong>done</strong></span> <span class='ocrx_word' id='word_1_62' title='bbox 466 959 654 1035; x_wconf 86' lang='lat' dir='ltr'><strong>(nommant</strong></span> <span class='ocrx_word' id='word_1_63' title='bbox 681 952 823 1047; x_wconf 74' lang='lat' dir='ltr'><strong>l’epoux</strong></span> <span class='ocrx_word' id='word_1_64' title='bbox 850 961 885 1023; x_wconf 86' lang='lat' dir='ltr'><strong>et</strong></span> <span class='ocrx_word' id='word_1_65' title='bbox 913 950 1083 1047; x_wconf 77' lang='lat' dir='ltr'><strong>l’epuuse)</strong></span> <span class='ocrx_word' id='word_1_66' title='bbox 1109 950 1148 1022; x_wconf 90' lang='lat' dir='ltr'><strong>N.</strong></span> <span class='ocrx_word' id='word_1_67' title='bbox 1175 963 1210 1023; x_wconf 91' lang='lat' dir='ltr'><strong>et</strong></span> <span class='ocrx_word' id='word_1_68' title='bbox 1229 950 1269 1022; x_wconf 90' lang='lat' dir='ltr'><strong>N.</strong></span> <span class='ocrx_word' id='word_1_69' title='bbox 1300 973 1408 1047; x_wconf 81' lang='lat' dir='ltr'><strong>ayans</strong></span> 
     </span>
     <span class='ocr_line' id='line_1_9' title="bbox 152 1053 1408 1151; baseline -0.002 -24"><span class='ocrx_word' id='word_1_70' title='bbox 152 1058 387 1129; x_wconf 75' lang='lat' dir='ltr'><strong>annuissauee</strong></span> <span class='ocrx_word' id='word_1_71' title='bbox 419 1077 487 1151; x_wconf 92' lang='lat' dir='ltr'><strong>que</strong></span> <span class='ocrx_word' id='word_1_72' title='bbox 515 1055 605 1128; x_wconf 85' lang='lat' dir='ltr'><strong>Dieu</strong></span> <span class='ocrx_word' id='word_1_73' title='bbox 639 1054 682 1126; x_wconf 86' lang='lat' dir='ltr'><strong>l’a</strong></span> <span class='ocrx_word' id='word_1_74' title='bbox 717 1057 801 1128; x_wconf 85' lang='lat' dir='ltr'><strong>ainsi</strong></span> <span class='ocrx_word' id='word_1_75' title='bbox 830 1053 1006 1144; x_wconf 78' lang='lat' dir='ltr'><strong>ardenne,</strong></span> <span class='ocrx_word' id='word_1_76' title='bbox 1041 1053 1273 1129; x_wconf 82' lang='lat' dir='ltr'><strong>ruulen-vous</strong></span> <span class='ocrx_word' id='word_1_77' title='bbox 1310 1058 1408 1126; x_wconf 88' lang='lat' dir='ltr'><strong>viare</strong></span> 
     </span>
     <span class='ocr_line' id='line_1_10' title="bbox 153 1156 1408 1253; baseline 0 -24"><span class='ocrx_word' id='word_1_78' title='bbox 153 1180 187 1229; x_wconf 88' lang='lat' dir='ltr'><strong>en</strong></span> <span class='ocrx_word' id='word_1_79' title='bbox 207 1180 248 1231; x_wconf 85' lang='lat' dir='ltr'><strong>ee</strong></span> <span class='ocrx_word' id='word_1_80' title='bbox 270 1162 381 1233; x_wconf 83' lang='lat' dir='ltr'><strong>sainct</strong></span> <span class='ocrx_word' id='word_1_81' title='bbox 402 1166 492 1232; x_wconf 82' lang='lat' dir='ltr'><strong>estat</strong></span> <span class='ocrx_word' id='word_1_82' title='bbox 514 1158 558 1231; x_wconf 87' lang='lat' dir='ltr'><strong>de</strong></span> <span class='ocrx_word' id='word_1_83' title='bbox 578 1162 748 1251; x_wconf 65' lang='lat' dir='ltr'><strong>mariage,</strong></span> <span class='ocrx_word' id='word_1_84' title='bbox 777 1179 843 1253; x_wconf 89' lang='lat' dir='ltr'><strong>qne</strong></span> <span class='ocrx_word' id='word_1_85' title='bbox 870 1157 961 1229; x_wconf 83' lang='lat' dir='ltr'><strong>Dieu</strong></span> <span class='ocrx_word' id='word_1_86' title='bbox 987 1180 1006 1228; x_wconf 90' lang='lat' dir='ltr'><strong>a</strong></span> <span class='ocrx_word' id='word_1_87' title='bbox 1040 1164 1069 1232; x_wconf 87' lang='lat' dir='ltr'><strong>si</strong></span> <span class='ocrx_word' id='word_1_88' title='bbox 1096 1158 1320 1252; x_wconf 84' lang='lat' dir='ltr'><strong>grandement</strong></span> <span class='ocrx_word' id='word_1_89' title='bbox 1349 1156 1408 1229; x_wconf 89' lang='lat' dir='ltr'><strong>hu-</strong></span> 
     </span>
     <span class='ocr_line' id='line_1_11' title="bbox 154 1260 1409 1357; baseline -0.001 -26"><span class='ocrx_word' id='word_1_90' title='bbox 154 1260 253 1333; x_wconf 67' lang='lat' dir='ltr'><strong>aare?</strong></span> <span class='ocrx_word' id='word_1_91' title='bbox 301 1282 495 1335; x_wconf 82' lang='lat' dir='ltr'><strong>auen-vous</strong></span> <span class='ocrx_word' id='word_1_92' title='bbox 531 1282 576 1333; x_wconf 92' lang='lat' dir='ltr'><strong>un</strong></span> <span class='ocrx_word' id='word_1_93' title='bbox 602 1262 651 1333; x_wconf 86' lang='lat' dir='ltr'><strong>tel</strong></span> <span class='ocrx_word' id='word_1_94' title='bbox 684 1282 814 1357; x_wconf 78' lang='lat' dir='ltr'>propos</span> <span class='ocrx_word' id='word_1_95' title='bbox 849 1282 982 1333; x_wconf 84' lang='lat' dir='ltr'><strong>eamme</strong></span> <span class='ocrx_word' id='word_1_96' title='bbox 1016 1283 1104 1333; x_wconf 89' lang='lat' dir='ltr'><strong>vuus</strong></span> <span class='ocrx_word' id='word_1_97' title='bbox 1137 1264 1333 1353; x_wconf 81' lang='lat' dir='ltr'><strong>te&#39;moignen</strong></span> <span class='ocrx_word' id='word_1_98' title='bbox 1366 1262 1409 1331; x_wconf 81' lang='lat' dir='ltr'><strong>ici</strong></span> 
     </span>
     <span class='ocr_line' id='line_1_12' title="bbox 156 1361 1410 1467; baseline -0.002 -33"><span class='ocrx_word' id='word_1_99' title='bbox 156 1362 263 1436; x_wconf 85' lang='lat' dir='ltr'><strong>deuant</strong></span> <span class='ocrx_word' id='word_1_100' title='bbox 288 1387 328 1467; x_wconf 84' lang='lat' dir='ltr'><strong>sa</strong></span> <span class='ocrx_word' id='word_1_101' title='bbox 354 1368 487 1440; x_wconf 76' lang='lat' dir='ltr'><strong>saincte</strong></span> <span class='ocrx_word' id='word_1_102' title='bbox 513 1362 728 1452; x_wconf 69' lang='lat' dir='ltr'><strong>assemblee‚</strong></span> <span class='ocrx_word' id='word_1_103' title='bbox 766 1365 975 1438; x_wconf 86' lang='lat' dir='ltr'><strong>demandans</strong></span> <span class='ocrx_word' id='word_1_104' title='bbox 1003 1363 1083 1458; x_wconf 87' lang='lat' dir='ltr'><strong>qu’il</strong></span> <span class='ocrx_word' id='word_1_105' title='bbox 1110 1368 1178 1437; x_wconf 85' lang='lat' dir='ltr'><strong>soit</strong></span> <span class='ocrx_word' id='word_1_106' title='bbox 1204 1361 1410 1460; x_wconf 69' lang='lat' dir='ltr'><strong>appronat?</strong></span> 
     </span>
    </p>
   </div>
   <div class='ocr_carea' id='block_1_5' title="bbox 223 1482 620 1665">
    <p class='ocr_par' dir='ltr' id='par_1_5' title="bbox 223 1482 620 1665">
     <span class='ocr_line' id='line_1_13' title="bbox 233 1482 562 1575; baseline 0.003 -20"><span class='ocrx_word' id='word_1_107' title='bbox 233 1492 444 1575; x_wconf 69' lang='lat' dir='ltr'><strong>Respondent:</strong></span> <span class='ocrx_word' id='word_1_108' title='bbox 485 1482 562 1557; x_wconf 70' lang='lat'>0111.</span> 
     </span>
     <span class='ocr_line' id='line_1_14' title="bbox 223 1596 620 1665; baseline 0 -2"><span class='ocrx_word' id='word_1_109' title='bbox 223 1598 263 1663; x_wconf 80' lang='lat' dir='ltr'><strong>ne</strong></span> <span class='ocrx_word' id='word_1_110' title='bbox 281 1598 423 1665; x_wconf 65' lang='lat' dir='ltr'><strong>linietre.</strong></span> <span class='ocrx_word' id='word_1_111' title='bbox 612 1596 620 1615; x_wconf 69' lang='lat'><em>¹</em></span> 
     </span>
    </p>
   </div>
   <div class='ocr_carea' id='block_1_6' title="bbox 119 1703 1464 3794">
    <p class='ocr_par' dir='ltr' id='par_1_6' title="bbox 119 1703 1413 2108">
     <span class='ocr_line' id='line_1_15' title="bbox 230 1703 1412 1803; baseline -0.002 -27"><span class='ocrx_word' id='word_1_112' title='bbox 230 1703 266 1777; x_wconf 83' lang='lat' dir='ltr'><strong>le</strong></span> <span class='ocrx_word' id='word_1_113' title='bbox 288 1727 378 1778; x_wconf 86' lang='lat' dir='ltr'><strong>vous</strong></span> <span class='ocrx_word' id='word_1_114' title='bbox 399 1725 503 1803; x_wconf 88' lang='lat' dir='ltr'><strong>prens</strong></span> <span class='ocrx_word' id='word_1_115' title='bbox 530 1713 610 1776; x_wconf 88' lang='lat' dir='ltr'><strong>tous</strong></span> <span class='ocrx_word' id='word_1_116' title='bbox 632 1705 688 1798; x_wconf 84' lang='lat' dir='ltr'><strong>qui</strong></span> <span class='ocrx_word' id='word_1_117' title='bbox 713 1714 804 1778; x_wconf 86' lang='lat' dir='ltr'><strong>estes</strong></span> <span class='ocrx_word' id='word_1_118' title='bbox 826 1706 870 1776; x_wconf 85' lang='lat' dir='ltr'><strong>ici</strong></span> <span class='ocrx_word' id='word_1_119' title='bbox 895 1725 1039 1800; x_wconf 84' lang='lat' dir='ltr'><strong>presens</strong></span> <span class='ocrx_word' id='word_1_120' title='bbox 1062 1727 1105 1776; x_wconf 94' lang='lat' dir='ltr'><strong>en</strong></span> <span class='ocrx_word' id='word_1_121' title='bbox 1129 1706 1295 1791; x_wconf 76' lang='lat' dir='ltr'><strong>tenuius,</strong></span> <span class='ocrx_word' id='word_1_122' title='bbox 1325 1722 1412 1775; x_wconf 87' lang='lat' dir='ltr'><strong>vous</strong></span> 
     </span>
     <span class='ocr_line' id='line_1_16' title="bbox 160 1804 1412 1902; baseline -0.003 -25"><span class='ocrx_word' id='word_1_123' title='bbox 160 1808 253 1902; x_wconf 84' lang='lat' dir='ltr'><strong>priant</strong></span> <span class='ocrx_word' id='word_1_124' title='bbox 283 1806 360 1882; x_wconf 84' lang='lat' dir='ltr'><strong>d&#39;en</strong></span> <span class='ocrx_word' id='word_1_125' title='bbox 393 1811 492 1880; x_wconf 90' lang='lat' dir='ltr'><strong>auuir</strong></span> <span class='ocrx_word' id='word_1_126' title='bbox 526 1827 755 1880; x_wconf 85' lang='lat' dir='ltr'><strong>seuuenauee.</strong></span> <span class='ocrx_word' id='word_1_127' title='bbox 805 1804 1004 1881; x_wconf 83' lang='lat' dir='ltr'><strong>Toutesfois</strong></span> <span class='ocrx_word' id='word_1_128' title='bbox 1037 1808 1091 1879; x_wconf 86' lang='lat' dir='ltr'><strong>s’il</strong></span> <span class='ocrx_word' id='word_1_129' title='bbox 1118 1831 1142 1902; x_wconf 83' lang='lat' dir='ltr'>y</span> <span class='ocrx_word' id='word_1_130' title='bbox 1169 1829 1189 1875; x_wconf 88' lang='lat' dir='ltr'><strong>a</strong></span> <span class='ocrx_word' id='word_1_131' title='bbox 1216 1827 1328 1876; x_wconf 80' lang='lat' dir='ltr'>aucun</span> <span class='ocrx_word' id='word_1_132' title='bbox 1355 1806 1412 1899; x_wconf 87' lang='lat' dir='ltr'><strong>qui</strong></span> 
     </span>
     <span class='ocr_line' id='line_1_17' title="bbox 119 1906 1413 2006; baseline -0.006 -22"><span class='ocrx_word' id='word_1_133' title='bbox 119 1920 122 1927; x_wconf 85' lang='lat'>&#39;</span> <span class='ocrx_word' id='word_1_134' title='bbox 161 1908 293 2002; x_wconf 72' lang='lat' dir='ltr'><strong>yseche</strong></span> <span class='ocrx_word' id='word_1_135' title='bbox 317 1909 465 2006; x_wconf 84' lang='lat' dir='ltr'><strong>quelque</strong></span> <span class='ocrx_word' id='word_1_136' title='bbox 487 1909 782 2006; x_wconf 71' lang='lat' dir='ltr'><strong>empesuheruent‚</strong></span> <span class='ocrx_word' id='word_1_137' title='bbox 811 1932 855 1981; x_wconf 92' lang='lat' dir='ltr'><strong>ou</strong></span> <span class='ocrx_word' id='word_1_138' title='bbox 877 1915 1045 2005; x_wconf 87' lang='lat' dir='ltr'><strong>qu&#39;aucun</strong></span> <span class='ocrx_word' id='word_1_139' title='bbox 1067 1910 1170 1983; x_wconf 85' lang='lat' dir='ltr'><strong>d’eux</strong></span> <span class='ocrx_word' id='word_1_140' title='bbox 1193 1910 1260 1980; x_wconf 86' lang='lat' dir='ltr'><strong>suit</strong></span> <span class='ocrx_word' id='word_1_141' title='bbox 1281 1906 1327 1976; x_wconf 78' lang='lat' dir='ltr'><strong>ne</strong></span> <span class='ocrx_word' id='word_1_142' title='bbox 1350 1927 1413 2002; x_wconf 89' lang='lat' dir='ltr'><strong>par</strong></span> 
     </span>
     <span class='ocr_line' id='line_1_18' title="bbox 161 2011 829 2108; baseline -0.001 -26"><span class='ocrx_word' id='word_1_143' title='bbox 161 2015 293 2107; x_wconf 80' lang='lat' dir='ltr'><strong>mariage</strong></span> <span class='ocrx_word' id='word_1_144' title='bbox 321 2036 408 2085; x_wconf 84' lang='lat' dir='ltr'><strong>auec</strong></span> <span class='ocrx_word' id='word_1_145' title='bbox 435 2022 550 2101; x_wconf 74' lang='lat' dir='ltr'><strong>autre,</strong></span> <span class='ocrx_word' id='word_1_146' title='bbox 579 2013 659 2108; x_wconf 85' lang='lat' dir='ltr'><strong>qu’il</strong></span> <span class='ocrx_word' id='word_1_147' title='bbox 687 2013 719 2082; x_wconf 85' lang='lat' dir='ltr'><strong>le</strong></span> <span class='ocrx_word' id='word_1_148' title='bbox 747 2011 829 2084; x_wconf 81' lang='lat' dir='ltr'><strong>dise.</strong></span> 
     </span>
    </p>

    <p class='ocr_par' dir='ltr' id='par_1_7' title="bbox 231 2122 1053 2211">
     <span class='ocr_line' id='line_1_19' title="bbox 231 2122 1053 2211; baseline -0.007 -19"><span class='ocrx_word' id='word_1_149' title='bbox 231 2131 262 2192; x_wconf 84' lang='lat' dir='ltr'><strong>Si</strong></span> <span class='ocrx_word' id='word_1_150' title='bbox 285 2148 431 2211; x_wconf 80' lang='lat' dir='ltr'><strong>personne</strong></span> <span class='ocrx_word' id='word_1_151' title='bbox 452 2131 499 2207; x_wconf 77' lang='lat' dir='ltr'><strong>u’y</strong></span> <span class='ocrx_word' id='word_1_152' title='bbox 521 2129 682 2208; x_wconf 71' lang='lat' dir='ltr'><strong>conuenit,</strong></span> <span class='ocrx_word' id='word_1_153' title='bbox 706 2128 735 2191; x_wconf 89' lang='lat' dir='ltr'><strong>le</strong></span> <span class='ocrx_word' id='word_1_154' title='bbox 754 2126 884 2190; x_wconf 73' lang='lat' dir='ltr'><strong>nfinistre</strong></span> <span class='ocrx_word' id='word_1_155' title='bbox 906 2122 946 2187; x_wconf 83' lang='lat' dir='ltr'><strong>dit</strong></span> <span class='ocrx_word' id='word_1_156' title='bbox 967 2127 1053 2188; x_wconf 82' lang='lat' dir='ltr'><strong>ainsi:</strong></span> 
     </span>
    </p>

    <p class='ocr_par' dir='ltr' id='par_1_8' title="bbox 155 2228 1464 2637">
     <span class='ocr_line' id='line_1_20' title="bbox 231 2228 1413 2329; baseline -0.008 -23"><span class='ocrx_word' id='word_1_157' title='bbox 231 2234 313 2307; x_wconf 86' lang='lat' dir='ltr'><strong>Puis</strong></span> <span class='ocrx_word' id='word_1_158' title='bbox 340 2232 421 2329; x_wconf 86' lang='lat' dir='ltr'><strong>qu&#39;il</strong></span> <span class='ocrx_word' id='word_1_159' title='bbox 453 2239 512 2327; x_wconf 78' lang='lat' dir='ltr'><strong>n&#39;y</strong></span> <span class='ocrx_word' id='word_1_160' title='bbox 547 2254 769 2329; x_wconf 87' lang='lat' dir='ltr'><strong>apersunne</strong></span> <span class='ocrx_word' id='word_1_161' title='bbox 804 2235 861 2327; x_wconf 90' lang='lat' dir='ltr'><strong>qui</strong></span> <span class='ocrx_word' id='word_1_162' title='bbox 894 2230 1110 2319; x_wconf 63' lang='lat' dir='ltr'><strong>conetense,</strong></span> <span class='ocrx_word' id='word_1_163' title='bbox 1142 2239 1176 2301; x_wconf 91' lang='lat' dir='ltr'><strong>et</strong></span> <span class='ocrx_word' id='word_1_164' title='bbox 1203 2228 1284 2324; x_wconf 85' lang='lat' dir='ltr'><strong>qu‘il</strong></span> <span class='ocrx_word' id='word_1_165' title='bbox 1311 2233 1413 2323; x_wconf 77' lang='lat' dir='ltr'><strong>n’ya</strong></span> 
     </span>
     <span class='ocr_line' id='line_1_21' title="bbox 157 2330 1416 2433; baseline -0.007 -25"><span class='ocrx_word' id='word_1_166' title='bbox 157 2340 237 2431; x_wconf 87' lang='lat' dir='ltr'><strong>paint</strong></span> <span class='ocrx_word' id='word_1_167' title='bbox 262 2334 593 2433; x_wconf 73' lang='lat' dir='ltr'><strong>d’empeschement,</strong></span> <span class='ocrx_word' id='word_1_168' title='bbox 621 2345 739 2407; x_wconf 84' lang='lat' dir='ltr'><strong>nostre</strong></span> <span class='ocrx_word' id='word_1_169' title='bbox 761 2332 933 2428; x_wconf 84' lang='lat' dir='ltr'><strong>Seigneur</strong></span> <span class='ocrx_word' id='word_1_170' title='bbox 955 2334 1043 2405; x_wconf 87' lang='lat' dir='ltr'><strong>Dieu</strong></span> <span class='ocrx_word' id='word_1_171' title='bbox 1068 2330 1231 2404; x_wconf 86' lang='lat' dir='ltr'><strong>confirma</strong></span> <span class='ocrx_word' id='word_1_172' title='bbox 1252 2331 1285 2403; x_wconf 92' lang='lat' dir='ltr'><strong>le</strong></span> <span class='ocrx_word' id='word_1_173' title='bbox 1307 2332 1416 2402; x_wconf 80' lang='lat' dir='ltr'><strong>sainct</strong></span> 
     </span>
     <span class='ocr_line' id='line_1_22' title="bbox 156 2434 1464 2537; baseline -0.004 -27"><span class='ocrx_word' id='word_1_174' title='bbox 156 2461 273 2537; x_wconf 83' lang='lat' dir='ltr'><strong>propos</strong></span> <span class='ocrx_word' id='word_1_175' title='bbox 301 2438 382 2535; x_wconf 86' lang='lat' dir='ltr'><strong>qu’il</strong></span> <span class='ocrx_word' id='word_1_176' title='bbox 407 2459 497 2510; x_wconf 86' lang='lat' dir='ltr'><strong>vaus</strong></span> <span class='ocrx_word' id='word_1_177' title='bbox 524 2461 543 2508; x_wconf 88' lang='lat' dir='ltr'><strong>a</strong></span> <span class='ocrx_word' id='word_1_178' title='bbox 571 2434 704 2527; x_wconf 77' lang='lat' dir='ltr'><strong>donne,</strong></span> <span class='ocrx_word' id='word_1_179' title='bbox 735 2448 768 2510; x_wconf 90' lang='lat' dir='ltr'><strong>et</strong></span> <span class='ocrx_word' id='word_1_180' title='bbox 802 2447 920 2511; x_wconf 85' lang='lat' dir='ltr'><strong>vostre</strong></span> <span class='ocrx_word' id='word_1_181' title='bbox 954 2445 1248 2509; x_wconf 85' lang='lat' dir='ltr'><strong>eemnreneement</strong></span> <span class='ocrx_word' id='word_1_182' title='bbox 1275 2437 1342 2507; x_wconf 83' lang='lat' dir='ltr'><strong>suit</strong></span> <span class='ocrx_word' id='word_1_183' title='bbox 1372 2455 1414 2503; x_wconf 92' lang='lat' dir='ltr'><strong>au</strong></span> <span class='ocrx_word' id='word_1_184' title='bbox 1461 2500 1464 2505; x_wconf 88' lang='lat'>.</span> 
     </span>
     <span class='ocr_line' id='line_1_23' title="bbox 155 2538 1204 2637; baseline -0.002 -25"><span class='ocrx_word' id='word_1_185' title='bbox 155 2538 230 2614; x_wconf 87' lang='lat' dir='ltr'><strong>Nam</strong></span> <span class='ocrx_word' id='word_1_186' title='bbox 260 2541 304 2614; x_wconf 90' lang='lat' dir='ltr'><strong>de</strong></span> <span class='ocrx_word' id='word_1_187' title='bbox 329 2540 418 2612; x_wconf 82' lang='lat' dir='ltr'><strong>Dieu</strong></span> <span class='ocrx_word' id='word_1_188' title='bbox 446 2543 504 2637; x_wconf 87' lang='lat' dir='ltr'><strong>qui</strong></span> <span class='ocrx_word' id='word_1_189' title='bbox 530 2564 549 2611; x_wconf 89' lang='lat' dir='ltr'><strong>a</strong></span> <span class='ocrx_word' id='word_1_190' title='bbox 579 2539 638 2612; x_wconf 84' lang='lat' dir='ltr'><strong>fait</strong></span> <span class='ocrx_word' id='word_1_191' title='bbox 665 2541 698 2610; x_wconf 89' lang='lat' dir='ltr'><strong>le</strong></span> <span class='ocrx_word' id='word_1_192' title='bbox 726 2542 792 2612; x_wconf 85' lang='lat' dir='ltr'><strong>ciel</strong></span> <span class='ocrx_word' id='word_1_193' title='bbox 819 2550 853 2612; x_wconf 87' lang='lat' dir='ltr'><strong>et</strong></span> <span class='ocrx_word' id='word_1_194' title='bbox 880 2541 914 2612; x_wconf 91' lang='lat' dir='ltr'><strong>la</strong></span> <span class='ocrx_word' id='word_1_195' title='bbox 940 2550 1053 2632; x_wconf 70' lang='lat' dir='ltr'><strong>terre,</strong></span> <span class='ocrx_word' id='word_1_196' title='bbox 1081 2541 1204 2611; x_wconf 84' lang='lat' dir='ltr'><strong>Amen.</strong></span> 
     </span>
    </p>

    <p class='ocr_par' dir='ltr' id='par_1_9' title="bbox 227 2654 937 2738">
     <span class='ocr_line' id='line_1_24' title="bbox 227 2654 937 2738; baseline -0.008 -17"><span class='ocrx_word' id='word_1_197' title='bbox 227 2658 270 2721; x_wconf 81' lang='lat' dir='ltr'><strong>Le</strong></span> <span class='ocrx_word' id='word_1_198' title='bbox 290 2654 421 2721; x_wconf 70' lang='lat' dir='ltr'><strong>linistre</strong></span> <span class='ocrx_word' id='word_1_199' title='bbox 441 2657 550 2738; x_wconf 87' lang='lat' dir='ltr'><strong>parlant</strong></span> <span class='ocrx_word' id='word_1_200' title='bbox 572 2660 589 2720; x_wconf 77' lang='lat' dir='ltr'><strong>a</strong></span> <span class='ocrx_word' id='word_1_201' title='bbox 610 2656 744 2738; x_wconf 77' lang='lat' dir='ltr'><strong>l&#39;epoux,</strong></span> <span class='ocrx_word' id='word_1_202' title='bbox 768 2655 809 2718; x_wconf 83' lang='lat' dir='ltr'><strong>dit</strong></span> <span class='ocrx_word' id='word_1_203' title='bbox 826 2655 911 2717; x_wconf 84' lang='lat' dir='ltr'><strong>ainsi:</strong></span> <span class='ocrx_word' id='word_1_204' title='bbox 935 2668 937 2672; x_wconf 82' lang='grc'><strong>’</strong></span> 
     </span>
    </p>

    <p class='ocr_par' dir='ltr' id='par_1_10' title="bbox 149 2754 1419 3473">
     <span class='ocr_line' id='line_1_25' title="bbox 239 2754 1416 2843; baseline -0.008 -9"><span class='ocrx_word' id='word_1_205' title='bbox 239 2761 338 2835; x_wconf 88' lang='lat' dir='ltr'><strong>Vnus</strong></span> <span class='ocrx_word' id='word_1_206' title='bbox 356 2760 396 2836; x_wconf 89' lang='lat' dir='ltr'><strong>N.</strong></span> <span class='ocrx_word' id='word_1_207' title='bbox 418 2760 598 2835; x_wconf 82' lang='lat' dir='ltr'><strong>confessen</strong></span> <span class='ocrx_word' id='word_1_208' title='bbox 622 2764 665 2832; x_wconf 88' lang='lat' dir='ltr'><strong>iei</strong></span> <span class='ocrx_word' id='word_1_209' title='bbox 688 2761 814 2833; x_wconf 89' lang='lat' dir='ltr'><strong>deuant</strong></span> <span class='ocrx_word' id='word_1_210' title='bbox 832 2759 921 2831; x_wconf 88' lang='lat' dir='ltr'><strong>Dien</strong></span> <span class='ocrx_word' id='word_1_211' title='bbox 944 2770 978 2831; x_wconf 88' lang='lat' dir='ltr'><strong>et</strong></span> <span class='ocrx_word' id='word_1_212' title='bbox 995 2782 1032 2832; x_wconf 91' lang='lat' dir='ltr'><strong>sa</strong></span> <span class='ocrx_word' id='word_1_213' title='bbox 1057 2761 1187 2833; x_wconf 85' lang='lat' dir='ltr'><strong>saincte</strong></span> <span class='ocrx_word' id='word_1_214' title='bbox 1209 2754 1416 2843; x_wconf 71' lang='lat' dir='ltr'><strong>assemblee‚</strong></span> 
     </span>
     <span class='ocr_line' id='line_1_26' title="bbox 151 2859 1416 2962; baseline -0.01 -22"><span class='ocrx_word' id='word_1_215' title='bbox 151 2890 211 2962; x_wconf 89' lang='lat' dir='ltr'><strong>qne</strong></span> <span class='ocrx_word' id='word_1_216' title='bbox 239 2888 330 2938; x_wconf 88' lang='lat' dir='ltr'><strong>vous</strong></span> <span class='ocrx_word' id='word_1_217' title='bbox 360 2886 447 2937; x_wconf 84' lang='lat' dir='ltr'><strong>auen</strong></span> <span class='ocrx_word' id='word_1_218' title='bbox 479 2866 549 2961; x_wconf 90' lang='lat' dir='ltr'><strong>pris</strong></span> <span class='ocrx_word' id='word_1_219' title='bbox 584 2875 617 2936; x_wconf 91' lang='lat' dir='ltr'><strong>et</strong></span> <span class='ocrx_word' id='word_1_220' title='bbox 649 2887 776 2960; x_wconf 85' lang='lat' dir='ltr'><strong>prenez</strong></span> <span class='ocrx_word' id='word_1_221' title='bbox 803 2885 892 2960; x_wconf 85' lang='lat' dir='ltr'><strong>pour</strong></span> <span class='ocrx_word' id='word_1_222' title='bbox 919 2872 1037 2934; x_wconf 88' lang='lat' dir='ltr'><strong>vostre</strong></span> <span class='ocrx_word' id='word_1_223' title='bbox 1070 2859 1196 2932; x_wconf 81' lang='lat' dir='ltr'><strong>femme</strong></span> <span class='ocrx_word' id='word_1_224' title='bbox 1225 2869 1259 2929; x_wconf 86' lang='lat' dir='ltr'><strong>et</strong></span> <span class='ocrx_word' id='word_1_225' title='bbox 1286 2861 1416 2955; x_wconf 71' lang='lat' dir='ltr'><strong>sponse</strong></span> 
     </span>
     <span class='ocr_line' id='line_1_27' title="bbox 150 2962 1418 3066; baseline -0.009 -25"><span class='ocrx_word' id='word_1_226' title='bbox 150 2968 182 3041; x_wconf 88' lang='lat' dir='ltr'><strong>N.</strong></span> <span class='ocrx_word' id='word_1_227' title='bbox 207 2971 254 3041; x_wconf 84' lang='lat' dir='ltr'><strong>ici</strong></span> <span class='ocrx_word' id='word_1_228' title='bbox 279 2978 461 3066; x_wconf 73' lang='lat' dir='ltr'><strong>presente,</strong></span> <span class='ocrx_word' id='word_1_229' title='bbox 497 2965 646 3061; x_wconf 86' lang='lat' dir='ltr'><strong>laquelle</strong></span> <span class='ocrx_word' id='word_1_230' title='bbox 674 2989 763 3040; x_wconf 86' lang='lat' dir='ltr'><strong>vous</strong></span> <span class='ocrx_word' id='word_1_231' title='bbox 796 2975 986 3063; x_wconf 78' lang='lat' dir='ltr'><strong>premetter</strong></span> <span class='ocrx_word' id='word_1_232' title='bbox 1018 2965 1164 3057; x_wconf 76' lang='lat' dir='ltr'><strong>garder,</strong></span> <span class='ocrx_word' id='word_1_233' title='bbox 1199 2984 1242 3035; x_wconf 93' lang='lat' dir='ltr'><strong>en</strong></span> <span class='ocrx_word' id='word_1_234' title='bbox 1268 2962 1418 3033; x_wconf 87' lang='lat' dir='ltr'><strong>l’aimant</strong></span> 
     </span>
     <span class='ocr_line' id='line_1_28' title="bbox 149 3062 1418 3164; baseline -0.009 -20"><span class='ocrx_word' id='word_1_235' title='bbox 149 3085 178 3145; x_wconf 91' lang='lat' dir='ltr'><strong>et</strong></span> <span class='ocrx_word' id='word_1_236' title='bbox 195 3080 416 3146; x_wconf 88' lang='lat' dir='ltr'><strong>entretenant</strong></span> <span class='ocrx_word' id='word_1_237' title='bbox 433 3068 641 3159; x_wconf 55' lang='lat' dir='ltr'><strong>fidelemenu</strong></span> <span class='ocrx_word' id='word_1_238' title='bbox 663 3072 750 3144; x_wconf 84' lang='lat' dir='ltr'><strong>ainsi</strong></span> <span class='ocrx_word' id='word_1_239' title='bbox 771 3092 838 3164; x_wconf 88' lang='lat' dir='ltr'><strong>que</strong></span> <span class='ocrx_word' id='word_1_240' title='bbox 861 3070 893 3140; x_wconf 85' lang='lat' dir='ltr'><strong>le</strong></span> <span class='ocrx_word' id='word_1_241' title='bbox 916 3068 1037 3139; x_wconf 85' lang='lat' dir='ltr'><strong>deuuir</strong></span> <span class='ocrx_word' id='word_1_242' title='bbox 1056 3067 1135 3139; x_wconf 89' lang='lat' dir='ltr'><strong>d&#39;vn</strong></span> <span class='ocrx_word' id='word_1_243' title='bbox 1162 3066 1235 3138; x_wconf 90' lang='lat' dir='ltr'><strong>vrai</strong></span> <span class='ocrx_word' id='word_1_244' title='bbox 1259 3074 1294 3135; x_wconf 91' lang='lat' dir='ltr'><strong>et</strong></span> <span class='ocrx_word' id='word_1_245' title='bbox 1316 3062 1418 3133; x_wconf 86' lang='lat' dir='ltr'><strong>fidele</strong></span> 
     </span>
     <span class='ocr_line' id='line_1_29' title="bbox 149 3166 1419 3262; baseline -0.009 -15"><span class='ocrx_word' id='word_1_246' title='bbox 149 3178 233 3248; x_wconf 86' lang='lat' dir='ltr'><strong>nari</strong></span> <span class='ocrx_word' id='word_1_247' title='bbox 261 3183 316 3248; x_wconf 86' lang='lat' dir='ltr'><strong>est</strong></span> <span class='ocrx_word' id='word_1_248' title='bbox 344 3177 363 3244; x_wconf 77' lang='lat' dir='ltr'><strong>a</strong></span> <span class='ocrx_word' id='word_1_249' title='bbox 391 3196 429 3248; x_wconf 88' lang='lat' dir='ltr'><strong>sa</strong></span> <span class='ocrx_word' id='word_1_250' title='bbox 456 3172 600 3262; x_wconf 77' lang='lat' dir='ltr'><strong>semme,</strong></span> <span class='ocrx_word' id='word_1_251' title='bbox 634 3175 752 3244; x_wconf 83' lang='lat' dir='ltr'><strong>viuant</strong></span> <span class='ocrx_word' id='word_1_252' title='bbox 779 3174 1003 3245; x_wconf 84' lang='lat' dir='ltr'><strong>sainctenrent</strong></span> <span class='ocrx_word' id='word_1_253' title='bbox 1028 3192 1115 3240; x_wconf 89' lang='lat' dir='ltr'><strong>auee</strong></span> <span class='ocrx_word' id='word_1_254' title='bbox 1143 3167 1234 3258; x_wconf 78' lang='lat' dir='ltr'><strong>elle,</strong></span> <span class='ocrx_word' id='word_1_255' title='bbox 1266 3166 1314 3237; x_wconf 89' lang='lat' dir='ltr'><strong>lui</strong></span> <span class='ocrx_word' id='word_1_256' title='bbox 1340 3187 1419 3259; x_wconf 82' lang='lat' dir='ltr'><strong>gar-</strong></span> 
     </span>
     <span class='ocr_line' id='line_1_30' title="bbox 149 3267 1416 3373; baseline -0.012 -22"><span class='ocrx_word' id='word_1_257' title='bbox 149 3279 228 3351; x_wconf 83' lang='lat' dir='ltr'><strong>dant</strong></span> <span class='ocrx_word' id='word_1_258' title='bbox 248 3275 301 3350; x_wconf 82' lang='lat' dir='ltr'><strong>foi</strong></span> <span class='ocrx_word' id='word_1_259' title='bbox 322 3287 357 3349; x_wconf 91' lang='lat' dir='ltr'><strong>et</strong></span> <span class='ocrx_word' id='word_1_260' title='bbox 380 3275 521 3373; x_wconf 61' lang='lat' dir='ltr'><strong>loyaut&amp;</strong></span> <span class='ocrx_word' id='word_1_261' title='bbox 548 3298 592 3349; x_wconf 91' lang='lat' dir='ltr'><strong>eu</strong></span> <span class='ocrx_word' id='word_1_262' title='bbox 615 3285 728 3350; x_wconf 89' lang='lat' dir='ltr'><strong>tontes</strong></span> <span class='ocrx_word' id='word_1_263' title='bbox 750 3275 895 3366; x_wconf 76' lang='lat' dir='ltr'><strong>choses,</strong></span> <span class='ocrx_word' id='word_1_264' title='bbox 922 3273 1021 3348; x_wconf 86' lang='lat' dir='ltr'><strong>selon</strong></span> <span class='ocrx_word' id='word_1_265' title='bbox 1049 3272 1081 3345; x_wconf 91' lang='lat' dir='ltr'><strong>la</strong></span> <span class='ocrx_word' id='word_1_266' title='bbox 1110 3271 1235 3345; x_wconf 88' lang='lat' dir='ltr'><strong>Parole</strong></span> <span class='ocrx_word' id='word_1_267' title='bbox 1263 3269 1305 3342; x_wconf 89' lang='lat' dir='ltr'><strong>de</strong></span> <span class='ocrx_word' id='word_1_268' title='bbox 1328 3267 1416 3338; x_wconf 84' lang='lat' dir='ltr'><strong>Dieu</strong></span> 
     </span>
     <span class='ocr_line' id='line_1_31' title="bbox 149 3376 632 3473; baseline -0.004 -21"><span class='ocrx_word' id='word_1_269' title='bbox 149 3392 179 3455; x_wconf 86' lang='lat' dir='ltr'><strong>et</strong></span> <span class='ocrx_word' id='word_1_270' title='bbox 205 3401 275 3456; x_wconf 88' lang='lat' dir='ltr'><strong>son</strong></span> <span class='ocrx_word' id='word_1_271' title='bbox 299 3381 410 3454; x_wconf 85' lang='lat' dir='ltr'><strong>sainct</strong></span> <span class='ocrx_word' id='word_1_272' title='bbox 434 3376 632 3473; x_wconf 84' lang='lat' dir='ltr'><strong>Euangile?</strong></span> 
     </span>
    </p>

    <p class='ocr_par' dir='ltr' id='par_1_11' title="bbox 238 3494 526 3589">
     <span class='ocr_line' id='line_1_32' title="bbox 238 3494 526 3589; baseline -0.007 -20"><span class='ocrx_word' id='word_1_273' title='bbox 238 3505 407 3589; x_wconf 67' lang='lat' dir='ltr'><strong>nepueu:</strong></span> <span class='ocrx_word' id='word_1_274' title='bbox 449 3494 526 3568; x_wconf 85' lang='lat' dir='ltr'><strong>Ou&#39;r&#39;.</strong></span> 
     </span>
    </p>

    <p class='ocr_par' dir='ltr' id='par_1_12' title="bbox 230 3609 757 3693">
     <span class='ocr_line' id='line_1_33' title="bbox 230 3609 757 3693; baseline -0.009 -18"><span class='ocrx_word' id='word_1_275' title='bbox 230 3611 300 3675; x_wconf 79' lang='lat' dir='ltr'><strong>run</strong></span> <span class='ocrx_word' id='word_1_276' title='bbox 318 3611 428 3693; x_wconf 83' lang='lat' dir='ltr'><strong>parlant</strong></span> <span class='ocrx_word' id='word_1_277' title='bbox 449 3616 465 3673; x_wconf 77' lang='lat' dir='ltr'><strong>a</strong></span> <span class='ocrx_word' id='word_1_278' title='bbox 487 3610 638 3691; x_wconf 73' lang='lat' dir='ltr'><strong>l&#39;apeuse,</strong></span> <span class='ocrx_word' id='word_1_279' title='bbox 659 3609 680 3671; x_wconf 85' lang='lat' dir='ltr'><strong>n</strong></span> <span class='ocrx_word' id='word_1_280' title='bbox 701 3609 757 3670; x_wconf 87' lang='lat' dir='ltr'><strong>dit:</strong></span> 
     </span>
    </p>

    <p class='ocr_par' dir='ltr' id='par_1_13' title="bbox 239 3707 1419 3794">
     <span class='ocr_line' id='line_1_34' title="bbox 239 3707 1419 3794; baseline -0.008 -6"><span class='ocrx_word' id='word_1_281' title='bbox 239 3715 339 3790; x_wconf 83' lang='lat' dir='ltr'><strong>Vens</strong></span> <span class='ocrx_word' id='word_1_282' title='bbox 360 3713 399 3786; x_wconf 90' lang='lat' dir='ltr'><strong>N.</strong></span> <span class='ocrx_word' id='word_1_283' title='bbox 423 3714 603 3789; x_wconf 84' lang='lat' dir='ltr'><strong>confessen</strong></span> <span class='ocrx_word' id='word_1_284' title='bbox 626 3717 668 3785; x_wconf 84' lang='lat' dir='ltr'><strong>ici</strong></span> <span class='ocrx_word' id='word_1_285' title='bbox 690 3714 815 3785; x_wconf 84' lang='lat' dir='ltr'><strong>deuant</strong></span> <span class='ocrx_word' id='word_1_286' title='bbox 834 3711 923 3783; x_wconf 83' lang='lat' dir='ltr'><strong>Dieu</strong></span> <span class='ocrx_word' id='word_1_287' title='bbox 946 3722 1039 3784; x_wconf 85' lang='lat' dir='ltr'><strong>etse</strong></span> <span class='ocrx_word' id='word_1_288' title='bbox 1062 3714 1191 3785; x_wconf 83' lang='lat' dir='ltr'><strong>saincte</strong></span> <span class='ocrx_word' id='word_1_289' title='bbox 1212 3707 1419 3794; x_wconf 78' lang='lat' dir='ltr'><strong>assemblee,</strong></span> 
     </span>
    </p>
   </div>
   <div class='ocr_carea' id='block_1_7' title="bbox 148 3812 1419 4316">
    <p class='ocr_par' dir='ltr' id='par_1_14' title="bbox 148 3812 1419 4316">
     <span class='ocr_line' id='line_1_35' title="bbox 151 3812 1417 3918; baseline -0.012 -24"><span class='ocrx_word' id='word_1_290' title='bbox 151 3844 218 3918; x_wconf 85' lang='lat' dir='ltr'><strong>que</strong></span> <span class='ocrx_word' id='word_1_291' title='bbox 246 3840 337 3893; x_wconf 86' lang='lat' dir='ltr'><strong>vous</strong></span> <span class='ocrx_word' id='word_1_292' title='bbox 369 3841 457 3890; x_wconf 85' lang='lat' dir='ltr'><strong>auen</strong></span> <span class='ocrx_word' id='word_1_293' title='bbox 491 3821 562 3915; x_wconf 86' lang='lat' dir='ltr'><strong>pris</strong></span> <span class='ocrx_word' id='word_1_294' title='bbox 588 3828 623 3888; x_wconf 89' lang='lat' dir='ltr'><strong>et</strong></span> <span class='ocrx_word' id='word_1_295' title='bbox 650 3838 777 3912; x_wconf 86' lang='lat' dir='ltr'><strong>prenen</strong></span> <span class='ocrx_word' id='word_1_296' title='bbox 804 3812 843 3885; x_wconf 90' lang='lat' dir='ltr'><strong>N.</strong></span> <span class='ocrx_word' id='word_1_297' title='bbox 872 3817 917 3886; x_wconf 85' lang='lat' dir='ltr'><strong>ici</strong></span> <span class='ocrx_word' id='word_1_298' title='bbox 943 3823 1085 3909; x_wconf 83' lang='lat' dir='ltr'><strong>present</strong></span> <span class='ocrx_word' id='word_1_299' title='bbox 1109 3834 1198 3908; x_wconf 87' lang='lat' dir='ltr'><strong>pour</strong></span> <span class='ocrx_word' id='word_1_300' title='bbox 1223 3822 1343 3883; x_wconf 84' lang='lat' dir='ltr'><strong>vostre</strong></span> <span class='ocrx_word' id='word_1_301' title='bbox 1370 3812 1417 3879; x_wconf 90' lang='lat' dir='ltr'><strong>le-</strong></span> 
     </span>
     <span class='ocr_line' id='line_1_36' title="bbox 150 3916 1419 4018; baseline -0.012 -22"><span class='ocrx_word' id='word_1_302' title='bbox 150 3924 389 4018; x_wconf 70' lang='lat' dir='ltr'><strong>guinemari,</strong></span> <span class='ocrx_word' id='word_1_303' title='bbox 412 3921 537 4015; x_wconf 78' lang='lat' dir='ltr'><strong>auquel</strong></span> <span class='ocrx_word' id='word_1_304' title='bbox 560 3941 649 3992; x_wconf 89' lang='lat' dir='ltr'><strong>vaus</strong></span> <span class='ocrx_word' id='word_1_305' title='bbox 670 3927 861 4014; x_wconf 76' lang='lat' dir='ltr'><strong>premetter.</strong></span> <span class='ocrx_word' id='word_1_306' title='bbox 883 3918 1001 4004; x_wconf 67' lang='lat' dir='ltr'><strong>ebear,</strong></span> <span class='ocrx_word' id='word_1_307' title='bbox 1025 3916 1072 3985; x_wconf 84' lang='lat' dir='ltr'><strong>lui</strong></span> <span class='ocrx_word' id='word_1_308' title='bbox 1094 3923 1233 3987; x_wconf 86' lang='lat' dir='ltr'><strong>seruant</strong></span> <span class='ocrx_word' id='word_1_309' title='bbox 1255 3924 1289 3983; x_wconf 88' lang='lat' dir='ltr'><strong>et</strong></span> <span class='ocrx_word' id='word_1_310' title='bbox 1310 3921 1419 3984; x_wconf 76' lang='lat' dir='ltr'><strong>astent</strong></span> 
     </span>
     <span class='ocr_line' id='line_1_37' title="bbox 149 4014 1419 4118; baseline -0.013 -18"><span class='ocrx_word' id='word_1_311' title='bbox 149 4029 298 4118; x_wconf 60' lang='lat' dir='ltr'><strong>mette,</strong></span> <span class='ocrx_word' id='word_1_312' title='bbox 324 4026 443 4095; x_wconf 83' lang='lat' dir='ltr'><strong>uiuant</strong></span> <span class='ocrx_word' id='word_1_313' title='bbox 470 4025 712 4105; x_wconf 65' lang='lat' dir='ltr'><strong>sainctement,</strong></span> <span class='ocrx_word' id='word_1_314' title='bbox 741 4021 786 4090; x_wconf 86' lang='lat' dir='ltr'><strong>lui</strong></span> <span class='ocrx_word' id='word_1_315' title='bbox 810 4020 954 4111; x_wconf 82' lang='lat' dir='ltr'><strong>gardent</strong></span> <span class='ocrx_word' id='word_1_316' title='bbox 980 4017 1028 4088; x_wconf 83' lang='lat' dir='ltr'><strong>soi</strong></span> <span class='ocrx_word' id='word_1_317' title='bbox 1052 4026 1086 4087; x_wconf 91' lang='lat' dir='ltr'><strong>et</strong></span> <span class='ocrx_word' id='word_1_318' title='bbox 1111 4014 1252 4109; x_wconf 75' lang='lat' dir='ltr'><strong>loyaute</strong></span> <span class='ocrx_word' id='word_1_319' title='bbox 1276 4036 1319 4084; x_wconf 92' lang='lat' dir='ltr'><strong>en</strong></span> <span class='ocrx_word' id='word_1_320' title='bbox 1346 4024 1419 4085; x_wconf 90' lang='lat' dir='ltr'><strong>tuu-</strong></span> 
     </span>
     <span class='ocr_line' id='line_1_38' title="bbox 149 4118 1418 4218; baseline -0.012 -19"><span class='ocrx_word' id='word_1_321' title='bbox 149 4138 202 4201; x_wconf 89' lang='lat' dir='ltr'><strong>tes</strong></span> <span class='ocrx_word' id='word_1_322' title='bbox 232 4127 380 4215; x_wconf 75' lang='lat' dir='ltr'><strong>choses,</strong></span> <span class='ocrx_word' id='word_1_323' title='bbox 418 4127 503 4197; x_wconf 86' lang='lat' dir='ltr'><strong>ainsi</strong></span> <span class='ocrx_word' id='word_1_324' title='bbox 540 4131 665 4218; x_wconf 89' lang='lat' dir='ltr'><strong>qu’vne</strong></span> <span class='ocrx_word' id='word_1_325' title='bbox 692 4120 794 4192; x_wconf 84' lang='lat' dir='ltr'><strong>fidele</strong></span> <span class='ocrx_word' id='word_1_326' title='bbox 828 4131 862 4191; x_wconf 90' lang='lat' dir='ltr'><strong>et</strong></span> <span class='ocrx_word' id='word_1_327' title='bbox 894 4120 1011 4213; x_wconf 77' lang='lat' dir='ltr'><strong>layale</strong></span> <span class='ocrx_word' id='word_1_328' title='bbox 1039 4122 1170 4212; x_wconf 80' lang='lat' dir='ltr'><strong>epouse</strong></span> <span class='ocrx_word' id='word_1_329' title='bbox 1204 4118 1275 4187; x_wconf 86' lang='lat' dir='ltr'><strong>doit</strong></span> <span class='ocrx_word' id='word_1_330' title='bbox 1302 4121 1321 4185; x_wconf 77' lang='lat' dir='ltr'><strong>a</strong></span> <span class='ocrx_word' id='word_1_331' title='bbox 1354 4137 1418 4186; x_wconf 90' lang='lat' dir='ltr'><strong>sou</strong></span> 
     </span>
     <span class='ocr_line' id='line_1_39' title="bbox 148 4218 1294 4316; baseline -0.012 -15"><span class='ocrx_word' id='word_1_332' title='bbox 148 4232 258 4316; x_wconf 74' lang='lat' dir='ltr'><strong>mari,</strong></span> <span class='ocrx_word' id='word_1_333' title='bbox 286 4228 386 4303; x_wconf 87' lang='lat' dir='ltr'><strong>selon</strong></span> <span class='ocrx_word' id='word_1_334' title='bbox 413 4226 445 4296; x_wconf 90' lang='lat' dir='ltr'><strong>la</strong></span> <span class='ocrx_word' id='word_1_335' title='bbox 472 4225 597 4298; x_wconf 89' lang='lat' dir='ltr'><strong>Parule</strong></span> <span class='ocrx_word' id='word_1_336' title='bbox 626 4228 667 4297; x_wconf 90' lang='lat' dir='ltr'><strong>de</strong></span> <span class='ocrx_word' id='word_1_337' title='bbox 695 4225 781 4294; x_wconf 85' lang='lat' dir='ltr'><strong>Dieu</strong></span> <span class='ocrx_word' id='word_1_338' title='bbox 811 4233 844 4294; x_wconf 89' lang='lat' dir='ltr'><strong>et</strong></span> <span class='ocrx_word' id='word_1_339' title='bbox 871 4244 934 4295; x_wconf 87' lang='lat' dir='ltr'><strong>son</strong></span> <span class='ocrx_word' id='word_1_340' title='bbox 962 4224 1071 4293; x_wconf 86' lang='lat' dir='ltr'><strong>sainct</strong></span> <span class='ocrx_word' id='word_1_341' title='bbox 1097 4218 1294 4310; x_wconf 74' lang='lat' dir='ltr'><strong>Euangile‘?</strong></span> 
     </span>
    </p>
   </div>
   <div class='ocr_carea' id='block_1_8' title="bbox 243 4343 530 4437">
    <p class='ocr_par' dir='ltr' id='par_1_15' title="bbox 243 4343 530 4437">
     <span class='ocr_line' id='line_1_40' title="bbox 243 4343 530 4437; baseline -0.017 -19"><span class='ocrx_word' id='word_1_342' title='bbox 243 4356 412 4437; x_wconf 46' lang='lat' dir='ltr'><strong>Responde</strong></span> <span class='ocrx_word' id='word_1_343' title='bbox 455 4343 530 4414; x_wconf 88' lang='lat' dir='ltr'><strong>0u&#39;1&#39;.</strong></span> 
     </span>
    </p>
   </div>
   <div class='ocr_carea' id='block_1_9' title="bbox 0 0 1527 4920">
    <p class='ocr_par' dir='ltr' id='par_1_16' title="bbox 0 0 1527 4920">
     <span class='ocr_line' id='line_1_41' title="bbox 0 0 1527 4920; baseline 0 0"><span class='ocrx_word' id='word_1_344' title='bbox 0 0 1527 4920; x_wconf 95' lang='lat' dir='ltr'><strong> </strong></span> 
     </span>
    </p>
   </div>
  </div>
 </body>
</html>
