2992 4926
654 240 730 313 290

42 443 379 525 0000000001φο
405 442 781 506 Ρήο0100010111000000.
835 439 954 505 Omnino
980 454 1070 507 totum
1093 444 1221 522 llituale,
1251 447 1325 506 iacta

49 560 166 607 1000000
188 548 253 609 0100
274 562 330 627 per
350 546 388 609 ll.
413 546 573 623 linearum,
606 546 700 606 denam
721 544 923 624 perlustratum
952 566 987 607 00
1013 557 1191 623 eumenum,
1224 551 1324 609 iterum

52 646 85 708 11
104 648 222 709 ordines
243 650 328 728 regni
348 648 472 709 delatum
494 666 510 708 a
533 656 632 708 senatu
655 648 783 707 inferiori
809 650 977 709 auctoritate
999 668 1051 710 sua
1072 649 1258 728 approbatum
1278 658 1325 709 est

56 748 96 810 die
110 748 187 812 XIV.
199 749 309 830 Aprilis
330 746 423 811 1552.
458 749 547 811 Simul
566 750 633 828 lege
656 759 865 828 praeceperunt
889 760 919 810 ut
948 751 983 811 ab
1005 748 1172 811 festivitate
1196 751 1325 811 (tmuium

57 848 218 912 Sanctorm
255 853 425 931 insequente
464 868 554 911 novas
588 850 719 929 liturgiae
759 852 870 912 chartas
906 852 1028 913 oninium
1060 872 1129 913 usus
1167 854 1324 931 acciperet.

61 948 236 1033 00001

128 1068 257 1130 1110000
280 1085 380 1146 magna
408 1068 487 1129 ruina
509 1066 639 1147 collapsa
666 1076 710 1129 est
737 1077 841 1147 coepta
864 1068 1039 1148 Anglicenae
1062 1069 1206 1129 ecclesiae
1231 1070 1324 1129 refor-

58 1172 140 1233 nuo.
174 1166 502 1230 uenerandumne
524 1168 659 1229 defuncto
678 1168 765 1231 blaria
785 1186 879 1247 00000,
905 1174 998 1233 avitae
1016 1172 1149 1250 religioni
1173 1170 1323 1231 admodum

56 1268 137 1333 dedita
166 1288 291 1349 0000000
310 1258 420 1347 magnis
443 1269 471 1329 in
492 1269 720 1332 tribulationibus
740 1273 886 1350 00010000,
910 1292 974 1334 curm
993 1274 1048 1334 sibi
1069 1273 1168 1335 eadem
1188 1274 1213 1332 in
1237 1273 1324 1335 rebus

52 1376 135 1437 ueris
156 1370 352 1453 pemnrtandis
372 1370 463 1433 licere
492 1380 605 1450 putaret
625 1383 712 1453 atque
733 1377 857 1453 genitori
879 1385 907 1435 et
930 1377 1026 1451 fratri,
1060 1376 1136 1434 000ιί
1158 1392 1216 1452 0ρο
1236 1383 1324 1452 atque

48 1493 134 1556 opere
161 1476 235 1536 eniti
258 1472 390 1535 stutebu
410 1483 441 1534 et
460 1474 595 1552 efficere,
618 1485 649 1535 01
670 1474 803 1536 Pontifex
825 1477 973 1555 imperinm
996 1477 1141 1553 reciperet
1161 1476 1188 1535 in
1210 1472 1322 1553 buglis.

44 1576 147 1660 ideque
170 1584 331 1637 conventus
353 1574 500 1653 ordinum,
531 1576 568 1636 ab
589 1575 693 1639 XXlV.
714 1576 832 1637 (lotobr.
857 1576 1005 1655 usquead
1028 1574 1168 1635 111100.
1194 1574 1323 1635 eiusdem

42 1680 106 1741 asni
129 1678 319 1757 congregati,
351 1678 469 1755 reginae
492 1675 595 1737 debis
618 1680 694 1738 00010
715 1679 840 1739 abnuere
860 1680 921 1739 ausi
943 1687 1017 1739 0001.
1062 1675 1161 1756 ltaque
1183 1676 1322 1737 deereve-

41 1789 125 1857 rrnt‚
148 1797 226 1861 quac
246 1776 381 1841 Eduardo
402 1795 474 1855 rege
496 1776 590 1839 edicta
615 1789 714 1839 essent
736 1779 772 1839 de
795 1779 914 1840 formula
937 1780 1132 1858 precationum
1154 1786 1241 1856 atque
1263 1795 1323 1839 om·

41 1886 109 1945 sinc
131 1880 172 1943 de
195 1880 272 1942 cultu
295 1878 402 1956 diuino,
424 1879 549 1960 nequid
570 1879 642 1943 ultra
664 1880 803 1956 valerent,
826 1879 878 1940 sed
902 1889 931 1940 ut
954 1898 1016 1940 eam
1039 1877 1105 1939 iude
1127 1879 1162 1939 ab
1186 1878 1250 1938 XX.
1274 1878 1321 1939 die
1347 1906 1351 1911 ·

41 1982 216 2045 Decembris
243 1988 431 2061 sequerentur
461 1979 649 2059 religionem,
679 2000 754 2061 quae
780 1982 882 2042 fnisset
903 1982 938 2041 ab
961 1980 1084 2042 ilenrico
1112 1979 1221 2040 relicte.
1263 1978 1322 2041 lam

42 2083 181 2147 audacius
196 2080 284 2144 ldaria
306 2081 401 2143 edicto
424 2084 507 2161 regio
530 2081 579 2146 lV.
603 2082 684 2145 lllart.
711 2082 969 2159 tutamentum,
997 2091 1026 2143 ut
1050 2080 1142 2142 cultus
1164 2080 1276 2140 (livinus
1291 2089 1322 2140 01

42 2186 126 2247 latine
149 2185 246 2265 lingua
276 2193 305 2245 et
327 2193 441 2245 vetusto
463 2185 517 2245 ritu
542 2195 710 2264 peragatur,
741 2184 922 2246 celebrentur
943 2184 989 2245 nte
1012 2184 1078 2243 festi
1098 2202 1114 2243 a
1136 2182 1321 2243 novatoribus

42 2290 189 2367 abrogati,
213 2287 414 2349 confirmentur
436 2288 517 2366 pueri
539 2286 721 2349 adrectiores
739 2287 775 2347 ab
795 2287 944 2366 episcopis
964 2287 1036 2346 etin
1059 2284 1167 2347 scholis
1191 2283 1320 2345 erudian-

43 2400 103 2467 tur,
132 2407 190 2469 que
210 2390 321 2450 ratione
341 2388 486 2449 sacerdoti
511 2386 627 2449 Missam
651 2389 807 2450 celebranti
836 2389 994 2448 ministrare
1024 2385 1148 2447 debeant
1172 2384 1208 2447 ad
1234 2404 1320 2447 00000.

44 2490 118 2566 Quid
145 2486 257 2551 multa?
303 2486 372 2567 Egit
400 2490 570 2569 triumpbum
598 2489 725 2551 ecclesia
761 2489 888 2549 Romana
910 2488 947 2547 de
976 2488 1096 2548 inimicis
1126 2489 1204 2563 suis,
1238 2487 1320 2567 quasi

43 2594 116 2653 rivis
158 2590 306 2653 coloribus
343 2589 492 2659 sollemni
515 2590 562 2651 illa
600 2608 705 2671 pompa
746 2608 914 2670 expressum
954 2607 1012 2669 quo
1053 2588 1098 2649 die
1135 2588 1224 2649 XXV.
1259 2586 1319 2649 lan.

47 2692 136 2756 1555.
169 2690 291 2753 bondini
317 2692 449 2771 episcopi
477 2693 641 2770 octoginta,
670 2702 783 2754 centurn
810 2702 840 2753 et
864 2695 1013 2770 sexaginta
1039 2690 1207 2753 sacerdotes
1232 2699 1320 2770 atque

49 2792 256 2855 innumerabilis
283 2792 381 2872 populi
408 2791 557 2853 multitudo
584 2811 647 2854 cum
676 2795 788 2855 vexillis
816 2804 845 2855 et
871 2795 1004 2855 crucibus
1033 2803 1239 2874 processerunt
1268 2810 1321 2873 per

50 2894 163 2975 plateas,
186 2896 297 2974 gratiae
316 2893 463 2955 testandae
485 2912 571 2954 causa
594 2895 631 2954 ob
652 2896 796 2956 ecclesiae
812 2895 956 2956 Romanae
980 2897 1175 2956 auctoritatem
1195 2896 1319 2956 feliciter

51 3004 233 3058 0010000ιο00,
268 2993 373 3055 Contra
391 2996 418 3054 in
436 2993 607 3056 reformatae
619 2996 766 3076 religionis
781 3005 916 3076 patronos
934 2997 1089 3056 immaniter
1105 2998 1243 3056 saevitum
1264 3004 1318 3056 001.

126 3111 217 3174 ilaris
243 3128 316 3173 anno
340 3110 423 3175 1558
444 3113 507 3173 sine
542 3112 623 3192 prole
646 3112 803 3175 decedente
824 3134 847 3174 e
863 3113 984 3174 vinculis
1003 3115 1133 3175 thronum
1152 3112 1320 3175 conscendit

53 3212 209 3292 lllisabetb,
232 3214 307 3275 bene
329 3212 366 3275 de
388 3213 554 3275 001000οἰ0
576 3215 757 3293 sperantibus
779 3216 963 3292 Reformatis,
986 3233 1081 3296 neque
1101 3225 1193 3276 100000
1215 3215 1318 3294 despe-

52 3318 171 3379 0011100
199 3314 524 3377 Romano-Catholicis.
575 3316 612 3378 Et
634 3335 703 3377 0000
731 3317 953 3378 recordabantur
974 3317 1021 3378 alii
1045 3317 1082 3378 de
1104 3316 1221 3377 iuvenili
1244 3318 1317 3395 prin·

53 3416 702 3498 0010001010,001001001010000001001110
732 3417 885 3497 diligenter
912 3419 1031 3479 imbuta:
1064 3418 1182 3478 aliorum
1212 3416 1318 3476 luctum

51 3518 246 3581 0000010101οτ
269 3520 536 3598 0001100100ορ00,
560 3520 624 3580 fore
647 3528 677 3580 ut
697 3518 855 3596 Elisabeth,
880 3536 983 3581 sorore
1005 3522 1069 3580 vira
1092 3521 1192 3580 ritibus
1214 3518 1317 3578 Roma-

50 3624 87 3682 ris
116 3620 259 3701 religiose
291 3618 418 3697 addicta,
451 3621 480 3680 in
510 3620 638 3681 doctrina
672 3622 817 3700 pontificia
852 3630 1029 3705 perseveret.
1074 3619 1209 3679 Accessit
1240 3616 1318 3698 quod

48 3725 140 3802 regina
164 3722 249 3803 segni
270 3720 389 3802 quadam
411 3721 588 3801 providentia
617 3724 758 3803 principio
789 3740 933 3802 perpauca
956 3725 983 3782 in
1010 3721 1096 3782 rebus
1117 3721 1207 3780 sacris
1230 3726 1318 3778 muts·

48 3826 92 3886 rit.
145 3822 251 3904 Neque
279 3825 327 3903 qui
353 3824 527 3884 cautioribus
554 3826 592 3885 uti
625 3824 701 3885 solet
735 3823 880 3898 consiliis,
916 3824 988 3887 bauo
1020 3823 1225 3884 dubitationem
1255 3819 1318 3883 sola

46 3924 179 4004 perfidiae
198 3922 248 3984 vel
270 3921 400 3985 fallaciae
422 3941 496 3984 vnce
518 3925 579 3985 vob
600 3925 780 4004 explicatam.
824 3926 977 4003 Proiecto,
1007 3936 1037 3987 ut
1065 3943 1129 3985 cum
1150 3924 1319 4004 praeclaris·

49 4082 248 4094 ———

127 4180 158 4247 1)
183 4174 352 4233 Sacerdotes
369 4194 457 4232 novae
473 4177 602 4249 liturgiae
620 4178 721 4236 inimici
743 4180 857 4253 primum
871 4178 948 4235 unius
968 4179 1029 4234 anni
1049 4179 1182 4236 reditibus
1199 4181 1317 4238 mulctati

45 4270 116 4320 sunt:
148 4262 321 4336 pertinaces,
342 4279 453 4318 munere
469 4262 593 4333 ademto,
614 4283 663 4337 per
684 4267 821 4322 00000010
841 4282 981 4320 cernerem
998 4265 1132 4336 conjecti:
1159 4266 1317 4322 tertiariae

45 4357 227 4422 repugnantes
251 4349 371 4405 aeternis
396 4349 510 4405 vincariis
530 4350 655 4407 mandati.
702 4352 779 4407 Adeo
803 4348 928 4419 Thurina,
951 4352 1023 4419 bey,
1047 4351 1115 4423 Slrip
1130 4351 1220 4418 libro,
1240 4370 1319 4424 quem

44 4437 92 4509 ipsi
107 4452 169 4491 cum
185 4434 248 4490 eliis
262 4435 449 4503 confecerunt,
468 4436 642 4493 subscribere
656 4438 812 4509 noluerunt,
831 4444 859 4492 ut
875 4436 937 4492 mibi
954 4436 1059 4493 videtur
1075 4437 1101 4495 io
1118 4437 1240 4514 pluribus
1255 4438 1318 4495 libri
1379 4432 1384 4439 '

46 4520 178 4597 capitibus
192 4518 361 4595 reliquorum
376 4520 517 4595 suffragiis
534 4521 608 4580 victi.
