2992 4926
670 258 744 329 455
813 319 816 323 .

133 480 229 551 THE
267 478 607 553 MlNlSTRA'l’lON
641 479 700 549 OF
735 477 940 548 PlllVATE
979 480 1182 579 BAPTlSM
1217 483 1275 555 OF

443 596 675 669 CHILDREN
704 596 750 666 IN
778 595 967 669 llOUSES.

151 849 215 911 'l'lae
239 847 361 910 Curetes
384 851 417 909 oi
443 869 531 927 every
553 850 655 910 Pariah
682 849 752 909 shall
776 850 853 910 often
881 849 1028 911 admoniah
1055 850 1104 910 tlre
1132 852 1257 930 penple,
1285 852 1345 915 thet

106 971 134 1030 eg
151 951 238 1012 deler
252 961 303 1011 not
319 952 367 1012 tine
383 952 509 1032 Baptiam
524 952 558 1011 oi
576 952 650 1013 their
665 950 799 1012 children
822 951 922 1031 longer
943 953 1008 1013 tlran
1030 952 1079 1013 the
1102 954 1161 1015 lirst
1182 972 1215 1013 or
1236 951 1346 1014 second

106 1113 275 1127 ψ

106 1218 151 1269 ret
165 1217 281 1280 tenere,
296 1215 343 1263 aut
358 1209 527 1276 observare,
544 1215 572 1262 ιιι
587 1206 677 1283 (quod
690 1207 833 1264 Ecclesiae
848 1209 1016 1278 Anglicanae
1030 1211 1169 1283 Apologia
1186 1210 1345 1282 profitetur)
1412 1231 1420 1238 ·

106 1296 260 1353 cremoniaa
275 1293 337 1349 ilias
355 1310 416 1349 curu
433 1293 589 1349 reverentia
604 1293 772 1364 susciperet,
798 1311 864 1364 ques
880 1294 948 1350 citra
965 1296 1106 1351 Ecclesiae
1121 1297 1175 1351 imo
1191 1298 1297 1353 modum
1313 1313 1346 1353 aa

106 1381 206 1439 ninam
221 1378 379 1436 sobriorum
396 1378 576 1435 offensionem
592 1379 703 1433 retineri
719 1395 801 1452 posse
817 1388 951 1450 senserat,
968 1389 994 1434 et
1010 1381 1037 1436 in
1050 1382 1084 1436 iis
1099 1389 1200 1437 tanturn
1216 1381 1346 1437 Articulis

106 1465 253 1543 praedictis
268 1462 404 1519 Eccleaiis
420 1463 587 1534 dissentiret,
604 1462 631 1518 in
647 1465 744 1535 quibus
761 1465 872 1520 eaedem
888 1466 965 1537 ipsae
981 1473 1034 1521 tum
1050 1483 1064 1521 a
1081 1468 1195 1539 pristina
1212 1486 1258 1523 sua
1276 1469 1345 1523 inte-

106 1552 171 1609 itste
188 1551 266 1624 prius
281 1549 475 1616 desciverant,
499 1556 553 1604 tum
575 1549 655 1604 etiam
676 1551 709 1604 ab
724 1548 857 1606 Ecclesiis
876 1552 1062 1623 Apcsrulicis,
1087 1553 1216 1624 aquibus
1235 1571 1346 1625 primum

106 1645 133 1695 at
147 1635 366 1710 proseminatae.
398 1634 457 1702 Quo
475 1634 581 1706 quidem
603 1641 745 1706 respectu,
771 1637 840 1690 inter
863 1637 930 1691 alias
951 1653 1066 1707 magnae
1088 1639 1231 1694 vetustatis
1253 1656 1347 1695 caere-

106 1724 197 1791 anius,
224 1721 305 1777 etiam
321 1728 350 1776 at
366 1720 460 1776 Crucis
475 1720 502 1775 in
518 1720 656 1791 Baptismo
674 1720 780 1790 signum
795 1723 821 1775 in
838 1721 960 1777 Ecclesia
976 1723 1129 1792 Anglicana
1145 1733 1187 1779 est
1204 1732 1347 1795 retentum,

106 1824 155 1881 que
178 1822 213 1862 cx
236 1806 339 1862 iudicio
359 1813 386 1861 et
408 1805 485 1876 praxi
507 1805 702 1860 venerabilium
724 1805 831 1861 illorum
849 1807 971 1875 Petrum,
994 1824 1207 1881 magnorumque
1227 1810 1348 1882 inprimis

106 1894 296 1963 teologorum,
324 1891 368 1963 qui
391 1897 525 1960 regnante
539 1889 688 1946 Edovardo
711 1897 790 1945 sexto
813 1891 839 1946 in
860 1892 953 1946 eadem
975 1894 1145 1959 claruerunt,
1172 1912 1285 1965 quorum
1302 1894 1348 1949 ulii

106 1978 208 2051 tineepa
223 1977 259 2031 ob
276 1992 359 2031 verae
379 1974 443 2031 fidei
464 1976 666 2047 professionem
682 1976 836 2043 lilartp'rium
852 1983 1010 2031 constanter
1028 1978 1212 2047 pertulerunt,
1234 1979 1280 2032 elii
1297 1981 1346 2033 lie-

106 2062 156 2119 hae
170 2061 273 2118 itariae
295 2061 463 2133 temporibus
485 2062 641 2130 exulantes,
667 2077 699 2114 ac
721 2061 769 2115 sub
792 2060 895 2115 initium
912 2061 999 2131 liegai
1014 2062 1211 2117 Serenissimae
1226 2064 1346 2132 Reginae

106 2164 159 2218 aper
179 2146 328 2203 deiunctae
351 2145 378 2201 iu
392 2145 520 2216 Angliam
543 2145 665 2214 reversi,
693 2161 744 2216 pro
765 2146 817 2201 hoc
839 2144 921 2215 siguo
937 2163 1046 2219 semper
1063 2153 1213 2216 steterunt,
1236 2147 1347 2218 eiusque

106 2246 150 2289 Ιι
163 2231 292 2303 exemplo
308 2246 342 2285 ac
358 2231 436 2303 praxi
454 2247 502 2286 sua
527 2237 661 2304 perpetuu
686 2230 918 2286 commendarunt.
955 2231 1044 2302 Atque
1066 2231 1120 2287 lice
1134 2231 1277 2287 Ecclesiae
1297 2248 1348 2286 no·

106 2320 148 2373 me
161 2316 291 2373 iudicium
308 2322 336 2371 et
351 2315 443 2386 praxis
458 2317 635 2387 comprobata
651 2323 712 2370 sunt
727 2323 780 2370 turn
796 2333 846 2388 per
862 2332 1012 2385 censuram,
1029 2333 1097 2387 quae
1113 2317 1147 2371 de
1163 2317 1243 2372 libro
1258 2315 1348 2388 publi-

106 2403 282 2472 tcliturgiae
304 2408 427 2472 tempore
450 2400 588 2456 Edouardi
611 2401 682 2455 sexti
704 2401 856 2470 ferebatur,
885 2409 939 2456 tum
963 2402 1043 2457 etiam
1065 2418 1115 2473 per
1141 2401 1348 2457 contessionem
1467 2464 1472 2473 .

106 2480 247 2543 buculam
278 2486 478 2542 recentioribus
504 2486 581 2541 aunis
610 2485 789 2556 publicatam
822 2486 948 2558 quoniam
975 2487 1097 2543 nimirum
1122 2487 1198 2543 liuius
1223 2486 1295 2556 signi
1321 2486 1349 2541 in

106 2568 211 2641 lptismo
230 2587 296 2627 usus
313 2571 340 2625 in
355 2569 480 2625 Ecclesia
496 2570 649 2640 Anglicana
665 2573 797 2640 congruis
816 2572 939 2628 omnibus
955 2588 987 2626 ac
1005 2571 1112 2628 idoneis
1129 2571 1242 2628 cautella
1259 2577 1286 2626 et
1301 2587 1349 2625 ex-

106 2657 251 2727 quonium
266 2662 362 2711 contra
378 2655 538 2727 Papisticaau
559 2655 781 2726 superstitionem
800 2666 880 2729 etque
895 2673 1018 2713 errorem
1034 2657 1151 2714 munitus
1166 2673 1274 2728 semper
1290 2655 1350 2723 luit,

106 2751 150 2800 tut
163 2743 194 2799 in
211 2740 347 2799 eiusmodi
364 2740 473 2797 casibus
487 2741 546 2797 lieri
563 2742 700 2797 convenit.

152 2827 251 2885 l’rimo
271 2826 343 2881 cuim
357 2825 483 2881 Ecclesia
497 2825 650 2896 Anglicana
672 2826 724 2882 iam
746 2825 810 2880 inde
832 2827 1001 2895 altaptismu
1019 2826 1124 2882 abolito
1141 2843 1249 2898 semper
1265 2824 1352 2880 sensit

114 2914 234 2982 docuit,
261 2918 289 2967 et
304 2910 388 2967 hodie
402 2912 482 2967 etiam
496 2910 580 2966 sentit
595 2927 627 2966 ac
644 2911 742 2978 docet,
766 2910 872 2980 siguum
889 2910 983 2966 Crucis
1007 2911 1033 2965 in
1052 2911 1188 2981 Baptismo
1203 2910 1350 2966 adhibitum

114 3001 160 3074 ips
173 3016 208 3053 us
223 2997 395 3053 Sacrameoti
417 2995 567 3051 substantia
591 2996 795 3067 haudquaquam
810 2994 938 3050 existere.
971 2994 1035 3049 Nam
1057 3002 1084 3050 ut
1099 2996 1211 3066 primurn
1229 2993 1351 3049 Minister

106 3086 204 3142 intem
219 3081 389 3150 immergens
404 3080 558 3151 inaquam,
582 3080 625 3136 vel
649 3080 768 3137 eiusdem
790 3080 871 3135 laciei
892 3097 988 3151 aquam
1004 3080 1168 3152 inspergens
1184 3081 1252 3136 ilaec
1267 3078 1351 3134 verba

106 3167 252 3227 riteverit:
271 3165 385 3241 Baptizo
400 3172 428 3221 te
442 3166 469 3220 iu
486 3166 593 3221 numine
611 3166 714 3236 Patris,
737 3173 764 3221 et
778 3166 852 3234 Filii,
881 3172 907 3220 et
922 3166 1038 3237 Spiritus
1052 3165 1160 3221 Sancti:
1179 3167 1270 3222 iulans
1284 3181 1351 3220 con-

106 3272 142 3314 ιο
165 3252 281 3328 plenum
304 3259 331 3308 et
351 3251 501 3324 perlectum
517 3251 646 3324 Baptismi
661 3252 863 3308 Sacramentum
887 3249 1080 3323 consequitur,
1105 3251 1175 3307 adeo
1196 3258 1224 3308 ut
1245 3249 1352 3320 signum

106 3343 168 3401 acie
184 3344 254 3413 post
269 3336 437 3406 adhibitum,
459 3334 493 3391 ad
511 3337 639 3408 Baptismi
656 3336 781 3393 virtutem
797 3344 843 3392 aut
858 3337 1056 3408 perlectionem
1072 3337 1137 3392 nihil
1154 3337 1281 3406 adiiciat,
1302 3352 1353 3393 nec

106 3442 140 3482 ιι
157 3422 295 3482 omissum
311 3421 345 3477 de
361 3421 419 3478 eius
435 3422 572 3492 efficacia,
591 3430 637 3478 aut
651 3421 800 3477 substantia
817 3421 960 3493 quicquam
975 3421 1108 3478 detralrnt.

152 3507 290 3567 Secundo
305 3507 393 3580 palam
410 3515 451 3562 est
467 3507 494 3563 iu
508 3507 589 3562 libro
604 3507 728 3579 publicae
744 3506 897 3576 liturgiae,
920 3498 1067 3577 l'niantem,
1090 3512 1230 3578 postquam
1248 3504 1354 3575 Baptis-

106 3614 138 3652 ιιιι
163 3592 325 3667 susceperit
347 3589 458 3665 (crucis
476 3591 566 3663 utique
583 3592 665 3663 aigne
687 3590 804 3647 nondum
826 3591 1051 3668 superveniente)
1073 3592 1098 3646 in
1115 3591 1215 3645 Christi
1237 3604 1353 3658 gregem

117 3676 300 3747 Ecclesium,
327 3684 452 3748 tauquam
474 3677 623 3748 perlectum
648 3678 707 3732 eius
733 3676 878 3731 membrum
900 3683 1039 3748 receptum
1066 3694 1145 3745 essa,
1173 3674 1256 3746 ipsius
1283 3671 1353 3727 adeo

106 3762 206 3841 ptimi
222 3762 340 3831 virtute,
361 3778 417 3817 non
433 3768 520 3818 autem
538 3770 674 3834 potestate
689 3761 797 3833 aliqua,
821 3777 890 3832 quae
905 3761 987 3831 siguo
1004 3761 1099 3816 Crucis
1114 3761 1243 3830 aiirgitur.
1271 3757 1310 3813 lta
1327 3762 1355 3811 ut

106 3856 191 3924 apter
212 3848 302 3921 ipsam
317 3847 414 3904 Crucis
436 3849 607 3914 memoriam,
632 3865 700 3920 quae
721 3847 792 3919 opud
813 3863 906 3902 omnes
929 3863 995 3901 vere
1012 3846 1038 3901 in
1056 3846 1188 3902 Christum
1210 3844 1355 3900 credentes

106 3934 185 3993 nimi
206 3948 317 4008 semper
340 3933 408 4001 luit,
431 3933 551 4005 reliquae
567 3934 647 3989 etiam
669 3934 704 3990 ob
728 3948 824 3988 causas
841 3948 922 4004 supra
939 3930 1040 3999 dictes,
1064 3928 1187 3984 Ecclesia
1203 3931 1354 4002 Anglieana

106 4036 133 4076 rs
147 4018 262 4091 siguum
277 4018 305 4074 in
318 4017 488 4092 Baptiaando
508 4035 594 4091 usque
617 4017 786 4073 retinendum
810 4017 962 4086 censuerit,
986 4022 1079 4071 secuta
1095 4013 1217 4070 nimirum
1233 4033 1264 4071 ea
1281 4016 1307 4072 ia
1324 4033 1355 4072 re

106 4104 235 4163 initiens
258 4109 287 4159 et
301 4104 479 4178 Apostolioas
496 4103 650 4172 Ecclesiae,
674 4110 754 4175 etque
777 4103 847 4158 hunc
864 4098 1055 4157 characterem
1077 4116 1127 4170 pro
1149 4099 1222 4155 licita
1244 4107 1355 4156 externa

106 4187 255 4248 monia
272 4196 401 4262 reputans
416 4196 444 4244 et
460 4189 587 4258 symbolo
602 4188 772 4256 honorifico,
794 4204 843 4258 per
860 4186 932 4258 quod
948 4186 1038 4242 inians
1053 4185 1123 4239 illius
1141 4184 1289 4255 obsequio,
1312 4185 1356 4256 qui

106 4277 176 4332 racia
190 4280 310 4330 nortem
324 4274 422 4343 subiit,
439 4275 465 4330 ia
481 4281 641 4347 perpetuum
657 4281 736 4353 votus
751 4280 827 4328 esset
843 4279 870 4327 et
885 4273 1066 4343 mancipatus;
1083 4268 1110 4323 id
1126 4268 1198 4338 quod
1214 4284 1248 4322 ex
1263 4269 1356 4325 verbis

119 4361 205 4418 Eilrrc
226 4359 352 4434 publicae
375 4359 513 4430 liturgiae
533 4360 673 4432 expressis
695 4358 822 4414 iacillime
846 4363 937 4429 potest
958 4353 1086 4427 perspici.
1119 4352 1261 4408 Postremo
1278 4368 1357 4425 quum

106 4462 142 4503 υ
156 4444 234 4516 signi
250 4445 328 4502 huius
342 4445 370 4501 iu
385 4444 522 4517 Baptismo
539 4443 566 4499 in
582 4444 705 4499 Ecclesia
723 4443 874 4511 Anglicana
889 4447 1019 4513 purgatus
1035 4437 1070 4493 sit
1084 4437 1118 4491 ab
1134 4438 1207 4494 omni
1222 4436 1370 4510 Papistica‘

106 4529 280 4606 pernitiose
293 4546 327 4587 ac
341 4544 439 4586 errore
455 4537 482 4585 et
494 4530 521 4585 in
533 4529 687 4602 primariam
706 4529 902 4584 institutionem
916 4525 1083 4589 vindicatus3
1101 4538 1152 4577 uos
1166 4521 1243 4597 (ireti
1255 4521 1357 4579 0rtlro·

1074 4610 1150 4693 30'*
