2992 4926
746 240 794 310 13

154 459 184 503 ro
201 440 247 503 nit
262 440 355 503 m
380 436 467 503 l'uclt
489 439 635 504 lredeclrel
661 442 693 502 iu
721 440 781 500 der
800 436 937 502 Kireieu
962 445 1057 502 sieta
1079 439 1222 521 gemisco
1251 439 1316 500 uod
1343 454 1399 500 mer

157 541 328 606 crassum
351 544 534 623 gebraucll.
578 541 626 605 Aa
654 542 794 605 ettliclreu
815 540 931 604 Orticu
955 543 1028 603 aiud
1056 542 1106 605 die
1132 545 1284 605 steiuerrre
1309 538 1400 603 Alter

156 644 219 707 orii
239 645 297 706 deu
319 642 451 707 Tischero
467 645 567 725 gleiclt
587 645 729 726 pararit
747 643 880 706 worden.
913 645 951 704 At
971 642 1038 705 illae
1060 642 1173 704 tabulae
1193 642 1262 704 nihil
1282 649 1401 723 prosunt

154 747 195 806 risi
210 745 242 808 ad
259 746 459 809 eucharistiam
474 747 686 809 celebrandam:
707 745 774 807 inde
792 744 931 824 colligunt
947 745 994 807 alii
1015 745 1072 806 illis
1090 744 1282 806 tantummodo
1298 744 1399 806 diebus

151 847 322 910 aecclesiis
347 867 416 911 esee
438 849 601 928 ponendas,
631 851 680 928 qui
707 849 904 910 communione
931 866 1011 910 sacra
1037 849 1165 929 insignes
1187 857 1261 910 sunt.
1305 847 1399 923 Quem

150 965 240 1010 norem
259 951 341 1014 Sooti
364 961 521 1031 sequmtnr
538 961 568 1013 et
586 952 693 1013 batavi.
709 943 740 1032 ¹)

219 1050 274 1113 lam
294 1070 365 1114 vero
380 1061 576 1115 antecesserat
590 1053 717 1115 altarium
734 1050 959 1112 deturbationem
977 1052 1169 1130 imaginum
1189 1059 1399 1128 statuarumque

149 1150 256 1219 enbnna
284 1155 385 1216 Visum
401 1166 446 1217 est
460 1158 534 1217 enim
548 1155 739 1232 lleiormatis,
762 1155 919 1233 imagines,
943 1172 1013 1234 quas
1030 1153 1170 1215 idolorum
1184 1154 1297 1214 nomine
1312 1149 1401 1231 („die

149 1254 283 1340 botren“)
306 1258 453 1339 appellare
471 1268 700 1336 consuevemnt,
723 1275 779 1318 non
799 1256 890 1318 solum
906 1259 1124 1338 superstitiosae
1139 1256 1315 1318 uenerationi
1333 1253 1400 1315 sub·

146 1359 281 1423 trahendas
318 1380 405 1439 esse,
446 1361 499 1423 sed
530 1380 568 1423 cx
601 1360 735 1421 ecclesiis
770 1377 888 1439 pmrsus
927 1360 1160 1424 extenuinandas.
1215 1358 1321 1421 blultus
1356 1336 1417 1417 eet·

146 1458 262 1540 Ginglius
281 1464 310 1523 in
332 1462 568 1543 disputationibus
590 1456 825 1543 εἰκονομάχοις.
861 1462 979 1524 Ortbod.
1002 1464 1071 1527 Seu.
1088 1462 1151 1544 lig.
1170 1463 1259 1543 llesp.
1275 1480 1304 1542 p.
1323 1457 1401 1524 ὣς

144 1561 276 1628 damona
296 1569 451 1647 ropimdo
468 1568 528 1628 sibi
543 1567 625 1646 salso
643 1566 831 1645 persuadet,
855 1567 1013 1644 quamdam
1037 1568 1132 1628 arrimi
1152 1567 1340 1629 duodecem
1362 1580 1402 1626 ec

141 1667 259 1729 motus
279 1668 442 1730 simulacri
469 1669 715 1731 emotaerououe
733 1668 852 1730 (leuiori
878 1687 982 1748 posse,
1019 1672 1161 1748 quioniam
1191 1671 1314 1732 iuterua
1343 1665 1403 1728 Dei

141 1771 263 1849 romilio
285 1779 314 1834 et
336 1788 425 1834 omer
442 1791 500 1833 mors
524 1771 651 1833 obtende
672 1786 765 1848 quam
786 1787 808 1830 a
827 1771 891 1832 solo
912 1769 978 1832 Deo
995 1771 1225 1850 proficiscatur.
1270 1769 1324 1831 ut.
1345 1767 1401 1828 Va·

140 1867 198 1931 lent.
223 1888 254 1950 p.
276 1868 357 1932 251:
380 1871 531 1952 Depiotae
550 1872 701 1950 imcpiues
721 1890 780 1932 nou
802 1873 967 1951 quicquam
986 1873 1089 1950 aliud,
1117 1889 1210 1953 quam
1231 1890 1290 1953 per
1308 1888 1401 1932 mem·

138 1970 257 2033 brorium
281 1981 310 2034 et
330 1975 471 2053 corporis
490 1973 716 2053 proportionem
735 1973 863 2052 clipuod
883 1975 1030 2037 historiae
1050 1978 1205 2054 specimen
1226 1975 1314 2036 rrobb
1334 1981 1402 2033 tru-

136 2074 217 2136 dieat.
262 2074 366 2135 brevis
386 2078 414 2136 in
437 2093 482 2136 ev.
504 2074 580 2136 dom.
595 2076 668 2152 isag.
693 2091 721 2153 p.
744 2070 822 2135 276:
856 2073 1029 2154 colligimus
1056 2093 1111 2137 eas
1141 2095 1246 2136 rerrrm
1272 2075 1402 2154 formas,

135 2176 303 2255 dequibus
326 2197 386 2239 nou
407 2180 533 2257 uliqrtod
550 2179 721 2257 periodum
744 2185 804 2251 eat,
833 2195 871 2236 ue
901 2177 1027 2255 preosda
1054 2176 1182 2238 deorum
1207 2184 1236 2237 et
1256 2183 1402 2255 patrono

135 2295 199 2339 mm
219 2279 292 2341 loco
312 2279 500 2355 debeantur,
523 2279 631 2359 quales
651 2278 713 2339 ,eras
732 2275 858 2354 floreum,
884 2278 1002 2340 leormm
1027 2285 1055 2339 et
1077 2295 1287 2357 occursumque
1311 2276 1404 2355 begare
1467 2357 1476 2362 .

131 2383 254 2458 pemeria
276 2391 347 2443 sunt
366 2382 503 2462 βφιναε,
527 2382 640 2442 dirimis
659 2380 777 2460 legibus
794 2378 967 2458 prohibitos
986 2399 1045 2441 uon
1062 2399 1139 2442 ease.
1154 2379 1183 2455 ²)
1200 2415 1242 2423 ——
1258 2412 1299 2425 -
1316 2376 1404 2441 Haec

132 2485 300 2546 communis
321 2487 451 2546 omilium
478 2482 676 2563 Papistorum
698 2489 743 2544 est
763 2480 907 2557 traditio,
931 2481 1014 2559 quod
1032 2483 1183 2560 imupines
1203 2482 1353 2544 laicorum
1376 2488 1405 2542 et

131 2587 316 2664 simplicium
338 2588 432 2649 libros
450 2607 519 2649 esse
537 2587 744 2666 praedioeut;
772 2583 830 2644 aed
856 2582 950 2644 dieite
971 2598 1103 2661 paruero,
1135 2584 1260 2644 tibimiri
1289 2600 1329 2644 ea·
1355 2580 1404 2642 iis

130 2689 221 2751 libris
247 2708 304 2752 oos
326 2691 450 2752 discere
474 2692 562 2751 iussit
590 2687 759 2751 Deruiuus?
786 2686 836 2746 oei
861 2704 933 2745 uuor
954 2684 1023 2762 fieri
1047 2694 1162 2765 potest,
1196 2694 1229 2747 ut
1251 2687 1320 2765 qaus
1345 2703 1404 2766 per

132 2794 207 2853 marti
228 2793 367 2871 abortius
379 2793 539 2855 simulacri
554 2791 832 2870 contemplationes
848 2789 928 2849 citro
943 2807 1059 2852 omnem
1072 2789 1160 2851 oerlri
1178 2790 1273 2851 diuini
1287 2789 1402 2850 doctri-

132 2912 205 2955 uarr
224 2897 258 2956 irs
280 2913 389 2957 oerum
409 2893 469 2957 Dei
489 2902 518 2956 ct
538 2892 660 2955 Doodai
678 2894 774 2953 nostri
796 2888 866 2953 lesu
890 2889 1004 2953 Closer·
1026 2895 1222 2972 coguitionem
1241 2893 1401 2972 perduca-

133 3000 211 3057 tur?
241 2996 351 3059 Similia
369 2996 455 3057 docet
479 2993 613 3058 Calvinus
631 2996 659 3055 in
680 2992 770 3061 instit.
791 2991 814 3052 l.
839 2992 888 3054 11.
914 2990 968 3054 12:
991 2993 1115 3073 Restat,
1135 3003 1169 3057 ui
1190 3014 1228 3059 au
1244 2997 1312 3058 sola
1330 2997 1402 3075 piu-

131 3106 298 3178 pererret
317 3101 517 3181 sculpantur,
541 3114 670 3179 quomrum
692 3099 751 3159 siut
770 3114 907 3177 capuceo
927 3098 1028 3171 oculi;
1048 3100 1081 3161 iu
1103 3119 1269 3180 accersere
1287 3101 1404 3180 purtim

220 3384 251 3464 1)
272 3390 389 3461 Agenda
403 3390 547 3448 Bornesica
562 3390 650 3447 altare
668 3390 760 3447 ornari
778 3391 852 3448 iubet
866 3391 984 3463 imagine
997 3390 1125 3448 crucifixi
1140 3389 1313 3463 crudelisque
1332 3389 1404 3446 iuter

136 3474 284 3546 liturgiam
300 3475 490 3536 accendendis.
535 3476 606 3547 Sed,
629 3477 722 3549 paucis
748 3478 874 3534 ecelesiis
894 3478 1017 3550 exeeptis
1038 3475 1078 3553 (e.
1095 3493 1124 3548 g.
1140 3476 1360 3534 berolinensibns
1374 3482 1403 3532 et

139 3560 409 3636 laudunensibus),
427 3562 575 3619 lielormati
593 3564 714 3635 nuspiam
734 3562 774 3619 illi
796 3571 946 3637 praecepto
968 3564 1204 3635 obtempcrsmnt:
1226 3561 1404 3634 pertinaciter

139 3648 309 3705 retinuerunt
323 3648 428 3705 tabulm
443 3662 515 3706 suas.
559 3648 592 3704 Et
607 3648 648 3705 bie
666 3647 774 3720 quidem
788 3649 958 3707 indulserunt
972 3649 1067 3706 summi
1082 3665 1171 3706 rerum
1189 3662 1327 3704 sacrarum
1344 3664 1403 3706 mo-

139 3732 300 3791 deratores:
320 3734 487 3790 butbersuos
507 3751 615 3807 semper
637 3741 664 3790 et
684 3734 783 3807 ubique
803 3735 830 3792 in
847 3737 931 3792 verba
947 3734 1008 3791 libri
1024 3735 1142 3806 liturgici
1158 3733 1327 3805 adegerunt,
1349 3750 1405 3793 nou

140 3835 249 3893 semper
262 3820 415 3877 bulberano
430 3820 544 3891 ingenio
562 3827 685 3893 accepta.
723 3821 796 3877 Nunc
813 3823 898 3880 maior
914 3821 1027 3878 libertae
1043 3820 1104 3878 data
1122 3826 1172 3876 est.
1196 3847 1232 3859 -—
1269 3818 1404 3879 Candelss

141 3902 266 3981 (quarum
277 3906 416 3978 legitimus
427 3923 491 3963 usus
501 3907 529 3963 in
542 3922 576 3962 eo
588 3906 715 3963 consistit
726 3913 755 3962 ut
766 3909 894 3965 tenebras
903 3908 1013 3983 lugent)
1024 3906 1060 3963 ita
1071 3905 1179 3978 repellit
1188 3904 1248 3967 llr.:
1263 3906 1339 3964 bicbt
1350 3906 1404 3965 and

141 3992 252 4049 iertsen
266 3993 322 4063 bey
336 3993 448 4064 baltung
460 3993 510 4053 dee
524 3991 694 4050 Nacbtmalils
708 3993 770 4049 sind
785 4010 835 4050 nar
850 3995 895 4052 ein
910 3994 1056 4051 verlselirte
1070 3992 1219 4064 naabiolge
1234 3992 1350 4065 descen,
1370 4009 1404 4052 eo

141 4077 176 4133 im
189 4079 272 4136 Alten
289 4079 444 4136 Testament
457 4079 504 4135 nit
517 4080 569 4135 deu
584 4080 718 4135 Lbcbtern
733 4078 787 4135 und
800 4080 916 4153 Lampon
930 4079 986 4136 und
999 4080 1026 4136 in
1041 4077 1095 4134 den
1105 4086 1199 4137 ersten
1210 4079 1330 4136 llircben
1341 4080 1403 4136 umb

142 4162 190 4220 der
205 4164 382 4237 Veriolgung
395 4165 488 4222 willan
502 4165 660 4222 breucblieb
677 4181 819 4236 genesen.

224 4264 255 4344 2)
277 4266 338 4325 Scis
351 4267 532 4341 imperatores
546 4282 665 4338 graecos
686 4267 869 4326 iconoclastae
891 4265 1067 4324 ecelesiarum
1088 4265 1239 4341 parietibus
1259 4265 1403 4337 regionum

142 4350 316 4427 pilorumque
331 4369 364 4409 ac
385 4369 475 4410 rerum
497 4355 680 4412 venabearum
696 4355 816 4427 picturas
830 4368 942 4410 curasse
956 4352 1156 4427 imprimendas.
1189 4352 1314 4409 Getarum
1334 4369 1403 4426 quse

145 4455 223 4511 upra
234 4439 355 4514 disputat
365 4439 503 4511 cingline,
517 4448 568 4496 mm
581 4442 685 4497 atrocia
699 4448 769 4515 suut,
787 4447 816 4495 nt
831 4455 936 4497 omnem
948 4446 1033 4497 artem
1048 4439 1291 4511 humanitatemque
1302 4454 1317 4496 a
1330 4452 1404 4496 mor

149 4523 243 4583 trlibus
258 4525 406 4598 depellant
1417 4536 1421 4544 '
