2992 4926
711 220 791 293 454

200 419 242 484 To
264 422 330 484 take
352 440 433 498 away
453 422 489 483 all
506 420 621 499 scruple
637 420 815 495 concerning
837 417 884 478 the
908 435 961 476 use
983 416 1017 477 ol
1036 417 1084 477 the
1106 419 1172 496 sign
1186 418 1217 476 oi
1233 418 1307 478 theb

116 526 143 584 in
166 525 306 601 Baptism;
338 524 385 583 the
414 532 475 580 true
508 522 679 599 explicatius
711 521 841 595 thereos,
875 518 929 578 and
960 519 1008 578 the
1033 521 1096 594 just
1123 537 1238 580 reasons
1262 522 1297 579 lor

116 627 255 702 retaining
278 624 310 681 ui
329 625 367 697 it,
399 641 462 696 may
486 623 521 681 be
544 641 613 680 seen
643 624 669 680 in
693 621 740 680 the
768 622 855 683 xxxth
878 619 995 695 Canon,
1026 622 1086 680 iirst
1116 621 1260 700 publisbed
1280 626 1299 680 in

16 776 22 785 ,
117 723 192 785 Year
213 721 343 788 dcclv,
358 723 386 804 ¹)

643 819 852 840 -...-.2-.-.

117 900 321 910 —a--n--n

201 999 233 1073 8)
258 997 316 1052 lion
338 997 466 1065 leguntur
487 996 514 1049 in
536 995 577 1052 El.
602 1003 629 1050 et
651 997 711 1050 Am.
746 995 839 1050 Canon
862 994 948 1050 XXX:
975 993 1121 1061 Dolemus,
1148 993 1307 1066 praeclarissi

120 1082 269 1155 blsjestatis
285 1097 352 1136 suae
368 1079 484 1136 studium
501 1088 527 1136 et
543 1081 683 1148 laborem,
709 1082 735 1135 in
751 1081 895 1153 Colloquio
911 1078 946 1133 ad
968 1079 1055 1133 aulam
1071 1079 1298 1150 llamptouiensen

120 1173 227 1240 siguum
244 1168 338 1222 Crucis
362 1167 388 1220 iu
410 1166 546 1237 baptismo
566 1165 652 1240 (inter
673 1166 726 1219 alie
747 1164 838 1241 plura)
862 1173 1032 1237 susceptum,
1054 1181 1107 1219 non
1131 1165 1257 1219 meliores
1278 1166 1307 1218 ed

119 1254 190 1327 apud
207 1253 305 1308 rrrultos
326 1259 518 1319 consecutum,
541 1252 604 1321 quio
620 1251 706 1306 adhuc
723 1252 749 1306 in
768 1268 801 1306 eo
819 1252 981 1320 haereatur,
1003 1250 1117 1320 eiusque
1134 1250 1161 1304 in
1178 1250 1305 1320 Baptisuro

121 1347 264 1411 tantopere
286 1338 468 1407 impugnetur.
497 1337 591 1406 ltaque
607 1353 660 1409 quo
683 1336 778 1391 melius
801 1343 926 1392 constare
947 1335 1034 1407 possit
1058 1334 1180 1404 legitima
1203 1334 1305 1393 buiusC

121 1426 229 1480 monice
251 1421 338 1488 ratio,
360 1421 491 1492 simulque
512 1427 539 1475 ut
561 1423 648 1477 omnis
670 1423 811 1494 scrupulus
838 1420 966 1492 deinceps
988 1427 1166 1488 emereatur,
1195 1422 1307 1490 quibos

120 1526 187 1565 vere
203 1507 396 1575 religiosorum
412 1506 597 1561 conscientias
613 1508 774 1578 perturbere
790 1523 898 1578 quoquo
916 1506 998 1560 modo
1012 1505 1116 1578 possit,
1139 1521 1190 1558 nos
1206 1507 1232 1558 in
1249 1506 1307 1560 buc¹

120 1591 290 1662 inclytissimi
305 1591 390 1660 Regis
411 1592 497 1647 nostri
520 1593 646 1661 vestigiis
671 1592 847 1660 insistentes,
871 1599 898 1647 ut
920 1592 963 1661 qui
979 1590 1139 1660 Scripturas
1163 1590 1307 1645 authoritas

120 1679 272 1752 primitivae
287 1675 427 1730 Ecclesiae
443 1677 568 1748 exemplo
589 1677 615 1731 in
638 1677 734 1734 eadem
756 1677 879 1745 ducitur,
903 1677 1015 1745 regulas
1031 1691 1064 1729 ac
1085 1676 1292 1731 obsersaliones

120 1765 221 1821 nostris
237 1762 353 1818 sinceris
368 1762 494 1816 omnibus
510 1761 652 1817 Ecclesiae
668 1764 838 1832 hngllcanae
855 1761 981 1817 membris
998 1760 1229 1816 commendamus.

207 1849 297 1903 Primo
313 1845 511 1901 observandum
529 1855 580 1916 est,
600 1847 671 1917 quod
688 1848 792 1904 etiamsi
809 1846 912 1916 ludaei,
929 1863 961 1900 ac
973 1844 1078 1900 Etbnici
1090 1844 1246 1917 Apostolos
1260 1843 1305 1899 reli

122 1951 174 2006 que
198 1931 369 1988 Christianos
391 1932 557 2000 irriderent,
584 1933 656 2004 quod
682 1950 741 1988 eum
765 1932 956 2005 praedicarent
980 1932 1006 1985 in
1029 1947 1145 2002 eumque
1165 1929 1307 1984 crederent

121 2019 215 2076 Crucis
240 2021 328 2071 morte
349 2023 424 2070 esset
445 2016 576 2083 allectus3
602 2023 701 2072 tantum
722 2025 810 2073 lamen
834 2019 944 2086 aberat,
970 2023 999 2071 ut
1018 2015 1062 2071 vel
1083 2014 1214 2088 Apostoli
1237 2015 1307 2069 relr

120 2101 267 2161 Christiani
292 2100 387 2156 Crucis
409 2100 561 2173 opprobrio
583 2102 694 2173 seipsos
715 2104 789 2173 passi
812 2104 866 2158 siut
886 2119 901 2156 a
924 2100 1099 2173 professione
1119 2118 1166 2156 sue
1191 2100 1307 2155 deterret

120 2193 146 2246 in
169 2187 263 2244 eadem
284 2186 422 2241 exultandi
444 2187 552 2257 potius,
580 2194 608 2241 et
630 2188 768 2258 gloriandi
791 2189 896 2244 animos
922 2186 985 2242 inde
1010 2194 1159 2243 sumerent.
1203 2187 1259 2241 imo
1279 2185 1307 2255 Sp

120 2280 229 2332 sanctus
245 2288 295 2344 per
313 2270 508 2344 Apostolorum
527 2287 576 2326 ors
594 2273 681 2344 ipsum
697 2271 793 2328 Crucis
809 2288 906 2328 nornen
922 2269 1042 2344 (ludaeis
1057 2273 1151 2342 utique
1165 2270 1295 2340 inrisum)

120 2359 189 2415 adeo
205 2355 367 2425 bonoravit,
392 2364 489 2412 utnon
506 2355 588 2412 modo
605 2357 739 2412 Christum
755 2358 841 2428 ipsum
857 2357 1018 2413 Crucihxum
1035 2356 1084 2412 sub
1102 2357 1201 2411 eodem
1217 2371 1308 2426 compr

119 2445 206 2512 derit,
228 2441 278 2496 sed
294 2448 321 2496 et
336 2441 432 2498 llortis
447 2459 480 2497 ac
496 2441 633 2497 Passionis
650 2442 750 2498 Christi
771 2442 860 2511 vires,
881 2443 1013 2511 elleclus,
1030 2459 1062 2496 ac
1078 2442 1191 2510 merita,
1208 2457 1258 2495 uns
1275 2457 1304 2494 cu

118 2530 206 2597 latiis,
229 2526 361 2581 fructibus
375 2543 407 2580 ac
423 2527 565 2598 promissis
586 2527 735 2597 universis,
758 2545 827 2599 quae
849 2544 900 2583 uos
916 2544 949 2582 ex
965 2526 1067 2582 eisdem
1083 2533 1130 2582 aut
1151 2526 1307 2598 percipimus

119 2615 147 2669 iu
162 2614 278 2668 futuram
294 2619 491 2682 exspectamus.

205 2695 350 2763 Secundo,
366 2698 455 2752 bonor
471 2713 503 2751 ac
522 2696 642 2767 dignitas
659 2697 754 2754 Crucis
771 2697 871 2753 nomini
888 2696 1035 2767 acquisita,
1051 2696 1132 2751 etium
1148 2702 1177 2749 et
1193 2697 1273 2764 siguo
1288 2694 1306 2748 C

121 2783 164 2839 vel
180 2783 237 2854 ipsa
255 2782 454 2852 Apostolorum
472 2790 561 2838 aetate
578 2782 679 2856 (neque
696 2783 766 2837 enim
778 2783 949 2851 ⁴contrarium
966 2781 1075 2836 ostendi
1092 2781 1201 2852 potest)
1218 2781 1307 2836 existis

120 2885 179 2924 nem
196 2866 303 2939 peperit
318 2867 510 2933 lionoriucarm
534 2868 605 2923 adeo
621 2875 648 2922 ut
665 2867 811 2923 Christiani
827 2868 898 2923 baud
916 2867 1000 2922 multo
1014 2874 1080 2937 post
1096 2864 1227 2921 iniunctis
1243 2866 1307 2919 ictio

120 2956 175 3009 suis
199 2951 295 3007 eodem
319 2953 356 3007 uti
380 2955 539 3023 coeperint,
563 2969 597 3007 eo
618 2953 679 3025 ipso
695 2954 782 3025 palam
799 2960 826 3009 et
847 2960 942 3024 aperte
960 2957 1085 3007 testatum
1102 2950 1237 3005 iacientes
1252 2949 1307 3024 (etis

120 3046 257 3110 stuporem
277 3036 451 3112 ludaeorum)
471 3056 501 3094 se
519 3038 625 3092 minime
641 3039 693 3092 sibi
710 3038 808 3109 pudori
824 3038 941 3106 ducere,
961 3036 1033 3108 quod
1049 3036 1122 3091 iilum
1142 3050 1307 3105 agnoscerer

121 3125 235 3178 Domino
260 3128 288 3176 ct
303 3123 447 3178 Salvatore
470 3139 536 3193 suo,
560 3124 604 3194 qui
622 3122 717 3177 Crucis
740 3132 853 3177 mortem
877 3138 927 3194 pro
950 3122 1017 3193 ipsis
1032 3120 1203 3193 pertulisset.
1240 3119 1307 3191 Atqu

121 3207 215 3262 Crucis
230 3206 337 3275 siguum
353 3223 406 3262 nou
423 3208 505 3262 modo
527 3207 596 3280 ipsi,
627 3206 709 3279 idque
729 3225 788 3264 cum
810 3208 994 3264 ostentatione
1022 3206 1135 3278 quadam
1166 3205 1291 3260 solebant

120 3293 203 3359 bere,
227 3282 334 3360 quoties
349 3293 455 3347 ludneis
471 3294 570 3363 passim
588 3300 782 3362 occurrerent,
805 3292 853 3348 scd
875 3300 903 3348 et
925 3293 1029 3347 liberos
1045 3306 1128 3361 suos,
1148 3307 1210 3345 cum
1225 3291 1307 3362 Baptir

121 3392 188 3448 aqna
212 3376 404 3446 abluerentur,
429 3377 525 3432 eodem
547 3377 650 3447 signari
676 3377 826 3446 iaciebant,
849 3385 876 3432 ut
899 3393 949 3433 eos
971 3393 1020 3448 per
1037 3376 1132 3431 Crucis
1146 3375 1302 3443 Symbolum

120 3461 235 3517 seruitio
258 3460 432 3532 dedicarent,
455 3463 531 3518 cuius
552 3464 579 3517 in
595 3462 732 3533 baptismo
754 3463 853 3518 collata
877 3463 904 3518 in
927 3464 1003 3534 ipsos
1024 3461 1157 3516 benellcia
1175 3461 1270 3516 Crucis
1288 3477 1307 3515 n

121 3552 214 3602 essent
229 3555 451 3618 repraesentata:
479 3548 568 3618 Atque
591 3547 661 3602 adeo
680 3548 757 3604 huius
774 3547 847 3617 signi
870 3548 897 3602 in
913 3548 1049 3618 baptismo
1065 3564 1130 3601 usus
1145 3545 1174 3600 in
1190 3546 1307 3601 Primser

121 3633 203 3687 clesia
221 3639 346 3703 receptus
360 3641 402 3688 est
419 3632 535 3687 unanimi
552 3649 704 3702 consensu,
727 3633 897 3705 maximoque
914 3632 1032 3687 omnium
1048 3639 1100 3686 tam
1116 3629 1297 3699 Graecorum,

120 3718 272 3773 balinorum
291 3718 431 3788 applausu.
464 3717 523 3783 Ouo
539 3715 645 3788 quidem
661 3719 755 3774 seculo
772 3718 856 3790 siquis
873 3718 934 3772 huic
948 3718 1030 3787 siguo
1045 3734 1075 3773 se
1091 3716 1289 3788 opposuisset,
1303 3734 1307 3766 ι

121 3808 195 3857 ratus
209 3801 304 3874 procul
321 3802 403 3857 dubio
419 3802 517 3856 luisset
539 3820 589 3874 pro
607 3804 684 3858 hoste
700 3821 732 3858 ac
748 3803 858 3859 inimico
874 3802 990 3858 nominis
1007 3801 1117 3871 Crucis,
1141 3808 1168 3855 el
1185 3801 1300 3872 proinde

120 3893 206 3942 torum
224 3886 338 3957 Christi,
355 3903 469 3960 quorum
484 3886 522 3941 illi
540 3894 642 3942 tessera
661 3896 687 3941 et
702 3889 808 3959 siguum
824 3888 894 3943 adeo
910 3887 1080 3969 displiceret,
1096 3886 1216 3956 denique
1233 3887 1307 3940 buius

122 3989 185 4027 nisus
202 3978 357 4028 continuum
375 3981 402 4028 et
422 3971 581 4044 generalem
601 3972 740 4043 extitisse,
767 3990 801 4028 ex
823 3974 912 4029 multis
927 3974 1033 4028 Petrum
1055 3970 1232 4027 Testimouiis
1255 3987 1307 4042 perr

122 4056 287 4112 declaratur.

205 4133 300 4197 Tertio
319 4143 530 4214 fatendumst,
555 4140 649 4198 Crucis
669 4143 776 4213 signum
793 4142 910 4197 decursu
933 4140 1065 4212 temporis
1086 4140 1114 4195 in
1129 4139 1259 4198 Ecclesia
1279 4141 1307 4196 llt

119 4244 224 4299 graves
237 4228 337 4283 abusus
354 4229 519 4299 pertulisse,
543 4229 703 4299 praesertim
720 4236 863 4300 postquam
879 4242 937 4281 eam
954 4226 1082 4298 Baptismi
1099 4226 1177 4283 labes
1193 4243 1226 4281 sc
1242 4242 1307 4282 corr

118 4314 202 4368 semel
219 4321 386 4382 pervaserat.
419 4315 564 4371 Caeterum
581 4314 737 4383 reisbusus
762 4313 912 4383 legitimum
929 4310 1051 4368 eiusdem
1067 4328 1143 4367 usum
1159 4328 1307 4384 nequaquan

120 4395 159 4449 lit.
199 4396 255 4451 lmo
276 4405 376 4454 tantum
400 4401 510 4466 aberat,
536 4404 564 4453 ut
586 4388 711 4454 Ec⁰clesic
734 4399 886 4467 huglioaus
907 4398 940 4450 ab
964 4396 1073 4464 ltaliae,
1098 4396 1220 4466 Galliae,
1242 4397 1307 4470 iiim

121 4479 295 4548 Germaniae,
318 4483 414 4538 aliisue
432 4483 564 4539 similibus
581 4483 711 4539 Ecclesiis
728 4483 846 4538 voluerit
861 4497 910 4554 per
926 4481 1015 4538 onruia
1035 4480 1187 4552 recedere,
1209 4483 1307 4554 quicqu
