2992 4926
767 190 842 261 120

169 418 237 492 que
264 391 556 493 concupiscentiis
584 399 810 481 renuncians,
846 414 949 465 omne
983 411 1082 463 suum
1107 388 1260 464 studium
1290 388 1326 458 iu
1351 406 1432 483 pree

170 499 316 570 dicando
337 503 474 570 uonrine
488 499 567 572 lesu
585 495 708 570 Christi
731 507 765 566 et
785 498 952 591 proximis
967 492 1188 564 eedilicondis
1204 489 1366 563 collocet.

252 614 446 675 Promissione
475 616 567 692 lacta,
600 632 703 676 nomeu
733 612 830 673 intanti
860 612 1014 690 imponitur
1029 612 1076 693 ¹);
1106 618 1166 669 tum
1192 608 1223 669 in
1252 624 1318 667 mur
1348 622 1432 686 ειμι

170 716 307 795 Baptismi
330 715 461 775 Minister
482 715 617 791 ellundit,
640 716 787 793 inquiens:
1365 694 1371 701 ¹

258 818 298 889 N.
328 818 470 913 Baptino
499 831 532 890 te
556 822 748 890 innomine
777 816 888 887 Patris
915 825 949 885 et
973 814 1050 885 Filii
1078 824 1112 886 et
1139 812 1289 909 Spiritus
1312 813 1418 884 sancti

258 934 363 995 llorum
386 934 455 994 nihil
477 935 530 994 nisi
553 934 628 995 clara
648 951 724 994 uoce
749 933 966 1012 pronunciatur,
989 931 1145 1011 linguaque
1164 930 1257 1009 petria
1278 928 1436 989 omniam-
1463 936 1492 1025 ᾗ

174 1043 326 1115 cupontur:
357 1035 466 1114 quippe
485 1052 570 1113 quum
596 1033 762 1108 multitudo,
790 1050 863 1111 quae
890 1031 925 1091 ad
946 1032 1188 1107 hocmysterium
1217 1028 1345 1107 assistit,
1371 1022 1437 1089 tes!
1476 1038 1492 1127 1

174 1154 242 1197 esse
260 1134 364 1195 debeat
383 1153 498 1212 eorum,
523 1153 597 1214 quae
619 1137 646 1195 in
669 1152 704 1194 eo
727 1135 810 1193 liunt:
836 1149 920 1210 quarn
941 1130 976 1191 ad
998 1148 1059 1189 rem
1081 1124 1272 1209 intelligentia
1289 1128 1437 1190 neem
1483 1166 1492 1221 ,²

174 1245 233 1297 est:
257 1237 325 1314 quin
339 1237 440 1312 etiam,
464 1244 495 1297 ut
513 1253 612 1309 omues
630 1237 722 1314 magis
736 1235 886 1313 magisque
902 1232 1121 1309 confirmentur,
1143 1218 1321 1291 reuocantes
1333 1228 1437 1291 sntnu

174 1337 393 1398 admemoriam
416 1337 524 1398 lructus
548 1347 576 1398 et
598 1337 726 1397 utilitatis
748 1338 791 1396 sui
814 1330 1009 1413 baptismi.¹)

260 1437 365 1516 Neque
391 1456 462 1498 uero
493 1440 656 1517 ignoramus
679 1439 742 1498 aliis
771 1440 799 1496 in
820 1434 894 1495 locis
920 1432 1048 1493 adhiberi
1073 1432 1144 1492 alius
1165 1430 1340 1491 cerimonias
1358 1446 1440 1511 qu-

176 1536 328 1617 plurimas,
353 1556 425 1616 quas
447 1540 657 1599 vetustissimas
680 1556 748 1597 csse
769 1536 883 1596 minime
905 1534 1066 1595 dillitemur.
1097 1532 1156 1595 Sed
1178 1532 1317 1612 quoniam
1337 1538 1384 1593 unt
1399 1530 1440 1611 ho

176 1637 280 1698 urinum
308 1638 424 1697 arbitrio
454 1647 540 1716 atque
568 1638 685 1698 libidine
713 1645 761 1697 aut
789 1646 869 1697 certe
896 1635 954 1695 levi
980 1635 1075 1714 aliqua
1103 1633 1140 1694 de
1164 1652 1253 1695 ceusu
1275 1634 1441 1713 acum

177 1747 257 1815 sunt,
283 1738 407 1818 denique
430 1741 563 1818 quoniam
578 1741 640 1799 sine
660 1739 750 1798 verbo
765 1738 819 1798 Dei
835 1739 919 1798 lictae
935 1746 964 1797 et
977 1737 1109 1797 inductae
1124 1744 1205 1814 sunt,
1229 1754 1265 1797 sc
1278 1742 1340 1796 tsrn
1353 1732 1443 1795 ndns
1462 1812 1474 1823 ·

177 1847 329 1919 praeterea
351 1840 572 1918 superstitiones
593 1838 659 1898 inde
680 1848 843 1914 manamnt,
867 1838 951 1899 nobis
966 1854 1037 1897 sane
1052 1838 1115 1897 sine
1132 1834 1192 1897 ullu
1205 1834 1352 1915 rellglorre
1363 1834 1443 1895 nm

177 1950 223 2001 est
246 1958 296 2000 eas
320 1940 381 2000 tulli
405 1950 490 2020 atque
512 1940 621 2001 aboleri
645 1949 796 2018 oportere,
819 1948 849 1999 ut
870 1957 906 1999 ne
925 1938 1047 2018 posthae
1069 1938 1201 2018 cuiquam
1222 1934 1444 2018 praecluderetur

178 2041 270 2103 aditus
291 2041 327 2102 ad
349 2040 444 2103 lesum
468 2040 622 2103 Christum.
660 2040 781 2101 Primum
799 2042 874 2101 eninr
895 2041 965 2100 sotis
987 2047 1116 2115 constet,
1140 2056 1334 2119 quaecunque
1355 2036 1444 2099 auec

177 2144 354 2223 praescripta
378 2153 463 2223 atque
492 2144 617 2204 instituta
644 2160 700 2202 non
726 2151 807 2217 sunt,
839 2160 873 2202 ea
895 2143 988 2201 onmia
1010 2141 1134 2202 libertati
1156 2140 1337 2221 arbitrioque
1358 2146 1445 2203 uerbo

177 2243 316 2321 relinqui:
339 2242 461 2318 deinde,
485 2241 623 2320 quicquid
638 2241 673 2302 ad
693 2242 920 2303 aedificationem
940 2241 1241 2321 confirmationemque
1262 2242 1379 2322 pietatis
1396 2256 1445 2301 uon

81 2396 84 2401 .
178 2346 329 2423 pertinet,¹
350 2342 378 2427 id
400 2344 514 2402 minime
536 2342 732 2421 recipiendum
752 2363 819 2403 esse
839 2346 867 2404 iu
888 2342 1063 2405 Ecclesium:
1095 2343 1220 2422 quodsi
1242 2344 1272 2403 in
1295 2360 1358 2405 earn
1377 2340 1447 2404 nto

178 2452 254 2503 ctum
282 2452 377 2518 esset,
407 2442 563 2503 tollendum
584 2461 619 2503 ac
644 2445 845 2505 removendum
875 2463 953 2505 esse.
998 2442 1065 2519 Quo
1090 2444 1183 2523 magis
1207 2442 1254 2521 id,
1286 2442 1365 2524 quod
1386 2440 1447 2503 ult

179 2546 232 2603 nisi
257 2542 419 2603 scandalum
442 2552 471 2601 et
489 2543 677 2603 offensionem
697 2547 768 2623 parit
787 2547 927 2624 quasique
943 2544 1122 2605 idololatriae
1138 2547 1355 2605 instrumentum
1368 2542 1448 2624 quod-

179 2644 241 2704 dam
266 2651 311 2702 est
333 2653 362 2702 et
382 2645 634 2703 commentitiorum
657 2646 839 2724 opinionum,
864 2644 943 2705 nullo
965 2643 1051 2705 modo
1073 2643 1251 2705 tolerandum
1272 2652 1331 2707 est.

264 2743 350 2823 htqui
369 2762 425 2803 non
444 2742 559 2804 dubium
583 2755 643 2823 est,
668 2749 734 2825 quin
757 2747 919 2824 luminaria,
947 2756 1090 2827 unguento
1112 2746 1203 2827 (quae
1225 2744 1385 2809 chrismate
1405 2762 1450 2808 uo·

179 2846 331 2926 minantur)
354 2845 486 2925 eliaeque
504 2864 627 2926 pompae
649 2851 766 2927 generis
788 2848 916 2909 eiusdem
940 2868 955 2910 a
977 2849 1041 2910 Deo
1061 2866 1204 2929 uunquam
1224 2850 1371 2912 institutae
1391 2851 1451 2925 sint,

179 2947 232 3007 scd
254 2949 289 3008 ab
310 2947 471 3008 hominibus
493 2949 688 3026 introductae,
716 2952 880 3029 sensimque
909 2967 946 3010 eo
969 2966 1124 3028 progressu
1149 2950 1319 3029 superstitio
1344 2952 1409 3028 sit,
1425 2957 1452 3009 ut

179 3051 287 3109 maiore
309 3050 337 3108 in
360 3052 453 3127 pretio
477 3059 563 3129 atque
584 3051 694 3111 honore
716 3052 904 3127 haberentur,
932 3068 1015 3129 quam
1044 3053 1138 3131 ipsum
1159 3048 1267 3113 Christi
1293 3052 1451 3113 institutum.

179 3147 253 3209 lllud
276 3149 408 3228 prolecto
427 3152 524 3229 negari
548 3150 626 3211 nullo
649 3152 735 3212 modo
756 3161 869 3231 potest,
899 3154 967 3232 quin
990 3170 1052 3213 eam
1069 3155 1161 3232 ipsum
1179 3152 1320 3234 Baptismi
1340 3152 1453 3215 form

180 3268 215 3311 nc
235 3251 373 3309 rationem
396 3246 558 3327 teneamus,
590 3270 673 3330 quarn
703 3262 732 3313 et
755 3251 885 3313 Christus
913 3254 1100 3333 praescripsit
1127 3261 1156 3314 et
1184 3252 1321 3333 Apostoli
1346 3254 1452 3335 sequuti

180 3360 245 3413 sunt
267 3359 296 3410 et
317 3365 387 3409 vero
408 3353 491 3411 etiam
512 3354 643 3431 primaria
667 3355 829 3434 etantiqua
850 3353 986 3415 Ecclesia
1008 3355 1035 3414 in
1054 3370 1135 3415 more
1153 3363 1241 3434 atque
1263 3356 1395 3417 instituto
1410 3355 1452 3416 hs·

179 3453 289 3519 buerit;
320 3468 415 3530 neque
443 3451 499 3512 alio
523 3456 636 3513 nomine
658 3454 767 3534 culpari
790 3471 960 3535 possumus,
990 3456 1044 3515 nisi
1076 3452 1155 3534 quod
1174 3453 1269 3515 Deum
1298 3456 1394 3537 ipsunt
1414 3472 1452 3517 su·

178 3556 287 3636 pientia
309 3570 447 3631 superare
469 3562 555 3633 atque
577 3555 752 3617 antecellere
771 3557 913 3618 nolumus.

180 3703 382 3713 .-..—-——

266 3780 293 3857 t)
309 3783 357 3843 G.:
380 3780 435 3852 „Et
450 3796 520 3852 pour
535 3796 568 3835 ce
584 3776 650 3852 qu'il
668 3798 686 3851 y
701 3798 716 3837 a
733 3798 766 3836 eu
782 3781 904 3836 certatus
920 3796 997 3835 nurus
1010 3796 1042 3834 eu
1059 3794 1092 3835 cs
1107 3795 1175 3851 pays
1189 3776 1226 3835 du
1242 3785 1304 3837 taut
1318 3780 1452 3853 eppliqnet

177 3867 192 3920 d
208 3866 336 3921 idolatrie
352 3885 387 3923 ou
405 3865 585 3933 sorrellerie,
608 3865 642 3920 de
660 3866 778 3935 Claude,
803 3882 838 3922 ou
854 3866 889 3921 de
906 3865 975 3921 trois¹
993 3865 1051 3920 rois
1066 3862 1149 3935 qu'on
1171 3864 1288 3939 appele:
1312 3860 1382 3937 qo'il
1396 3880 1413 3935 1
1425 3880 1453 3919 er

178 3967 211 4005 eu
234 3950 306 4005 aussi
332 3950 380 4007 des
401 3968 480 4007 nomn
503 3948 631 4022 d'olllce,
656 3967 760 4006 comme
780 3950 849 4007 Jeen
864 3950 988 4023 ltaptiste
1008 3956 1034 4005 et
1056 3950 1152 4019 noge:
1176 3950 1343 4006 tiercemeut
1363 3966 1415 4023 qus
1433 3949 1466 4005 ls'

176 4050 241 4091 nom
257 4035 291 4089 de
310 4034 435 4091 Suairen
459 4039 517 4092 este
533 4034 639 4109 impose
655 4052 708 4091 eux
722 4037 862 4106 hommes,
887 4035 931 4108 qui
949 4042 991 4091 est-
1010 4051 1062 4090 vne
1083 4035 1168 4091 settis
1189 4052 1240 4107 per
1263 4041 1330 4111 trop
1351 4032 1454 4093 tomulo:

177 4122 230 4176 allo
256 4118 399 4176 d'exclure
419 4121 454 4176 do
476 4122 564 4177 sainct
585 4123 731 4194 Bnptesme
757 4121 836 4178 telles
862 4120 1074 4193 profanatione,
1104 4136 1190 4175 nuens
1216 4120 1317 4193 depuis
1339 4118 1456 4177 ordonui

177 4202 297 4262 d'olrolir
312 4205 393 4261 telles
410 4208 585 4277 corruptions
600 4214 628 4263 et
642 4206 742 4266 abus.“

260 4306 291 4379 2)
314 4305 389 4375 Quae
403 4314 568 4377 sequnntur,
585 4308 744 4365 omittuntur
759 4307 785 4363 in
806 4306 880 4363 libro
894 4305 1010 4365 Gallico.
