3022 4920
821 258 900 327 614
1014 265 1018 277 '

224 479 317 536 must
343 459 399 534 Ac
419 460 559 554 insuper
580 457 700 530 eadem
723 455 928 531 authoritate
956 467 1075 531 nostra
1099 457 1274 548 ordinaria
1303 467 1341 533 et
1365 457 1490 556 Episco

224 564 312 663 pali,
344 561 530 659 pronubis
557 571 591 633 et
621 559 890 635 successoribus
930 562 1058 635 nostris
1096 561 1271 635 hceutiam
1315 566 1442 659 pariter
1465 573 1491 635 et

223 666 421 743 facultatem
454 667 490 738 in
525 662 673 738 Domino
710 662 949 754 concedimus,
988 663 1032 734 ad
1070 687 1145 738 rem
1184 664 1341 738 divinam
1381 665 1487 739 ibidem

221 767 434 859 faciendam,
461 789 585 866 nempe
607 768 736 842 Preces
763 766 938 864 publicas,
965 777 1000 838 et
1028 788 1163 842 sacram
1184 767 1375 845 Ecclesiae
1397 769 1488 843 bitur-

222 877 312 966 gium
334 870 543 943 recitandam
574 871 785 944 adverbum
808 869 874 942 Dei
897 873 1033 943 sincere
1054 873 1323 970 proponendum
1347 883 1381 945 et
1406 896 1486 970 prae-

222 975 422 1066 dicandum,
444 973 667 1049 Sacramenta
691 995 813 1047 sacrae
832 973 1070 1048 Eucharistiae
1093 985 1128 1047 et
1148 975 1326 1073 Baptisma
1348 987 1485 1049 coetera-

221 1081 349 1176 quein
378 1077 499 1151 eadem
522 1077 762 1169 ministranda,
788 1074 1005 1151 Matrimonia
1031 1077 1309 1170 solemnizando,
1337 1077 1483 1152 Mulieres

218 1191 298 1279 post
317 1183 537 1278 puerperium
560 1182 604 1254 ad
624 1184 811 1276 gratiarum
838 1184 1007 1254 actionem
1031 1182 1202 1277 publicam
1224 1182 1479 1280 recipiendaset
1503 1276 1505 1283 Ι

220 1283 450 1378 adiuvandas,
472 1283 629 1360 Mortuos
651 1284 891 1382 sepeliendos,
919 1307 1144 1380 quaecunque
1165 1285 1386 1381 peragenda,
1410 1308 1478 1382 quar
1503 1339 1505 1351 .

218 1391 254 1460 in
275 1388 350 1462 aliis
373 1383 525 1482 Capellis
552 1389 648 1461 licite
671 1387 747 1461 heri
769 1399 913 1484 possunt
939 1397 974 1461 et
999 1389 1121 1462 solent.
1174 1388 1232 1459 Ac
1254 1399 1326 1463 tam
1350 1388 1476 1483 Presbp-
1503 1418 1505 1495 p

216 1502 293 1567 tero
326 1494 362 1563 iu
392 1488 536 1586 Capella
567 1490 743 1586 praedicta
773 1491 992 1564 deservitura
1023 1514 1146 1587 preces
1180 1491 1318 1566 divinas
1350 1492 1505 1576 dicendi,

217 1601 428 1687 coeteraque
460 1597 649 1689 praemissa
683 1593 850 1684 faciendi,
884 1617 984 1689 quam
1014 1592 1161 1667 Domino
1190 1593 1290 1667 Rich.
1322 1594 1425 1669 Smith
1454 1605 1505 1695 etp

217 1695 368 1768 familiae
402 1696 495 1785 eius,
527 1697 738 1792 reliquisque
767 1699 802 1768 in
832 1697 931 1770 dictis
960 1698 1048 1770 locis
1080 1696 1330 1790 habitantibus,
1371 1719 1505 1796 preces.

120 1794 121 1801 ’
218 1798 352 1873 diuinas
377 1796 555 1888 audiendi,
584 1811 793 1895 coeteraque
821 1803 1009 1896 praemissa
1037 1800 1270 1897 percipiendi,
1298 1802 1430 1898 plenam
1452 1804 1474 1871 in

218 1901 366 1975 Domino
396 1911 601 1997 potestatem
629 1904 859 1977 concedimus.
913 1902 1136 1998 Eandemque
1163 1902 1341 1999 Capellam
1368 1905 1411 1977 ad
1438 1904 1474 1975 le

217 2027 343 2078 vamen
376 2001 562 2100 (Anglice,
606 2005 753 2102 chappel
780 2005 819 2077 of
845 2002 958 2102 Ense).
985 2005 1049 2080 sub
1080 2006 1169 2078 dicta
1195 2005 1357 2083 Ecclesia
1386 2007 1473 2079 Paro

217 2107 319 2182 chiali
340 2107 379 2179 B.
400 2105 531 2180 Mariae
559 2111 653 2180 iuxta
681 2109 799 2181 villam
830 2105 1042 2205 Southampt.
1072 2120 1233 2205 tanquam
1262 2109 1405 2184 11111166
1424 2108 1474 2182 Ec·

214 2212 322 2287 clesia
349 2204 430 2302 sua,
457 2221 618 2307 quantum
645 2211 802 2286 innubis
829 2221 900 2302 est,
929 2222 963 2283 et
990 2212 1033 2284 de
1055 2214 1131 2285 iure
1154 2213 1272 2286 divino
1298 2211 1474 2288 Canouibus

214 2313 396 2389 Ecclesiae
426 2325 462 2389 et
482 2312 624 2389 Stctutis
654 2313 754 2388 huius
775 2313 889 2407 Regni
911 2314 1063 2408 Angliae
1090 2337 1294 2412 possumus,
1320 2322 1357 2389 in
1385 2317 1474 2391 hono·

120 2436 128 2457 ⁴
213 2440 288 2492 rem
309 2418 376 2492 Dei
397 2427 432 2491 et
454 2440 573 2493 sacros
601 2416 857 2489 inhabitantium
884 2438 985 2507 usus,
1010 2441 1102 2489 nunc
1124 2431 1159 2493 et
1180 2423 1216 2492 in
1237 2420 1390 2494 iuturum
1409 2442 1474 2495 cun·

213 2543 410 2612 secramus,
429 2544 493 2618 per
514 2543 641 2593 nomen
662 2519 826 2616 Capellae
847 2520 928 2596 lesu
946 2524 981 2592 in
1003 2519 1171 2595 Parochia
1190 2523 1342 2598 Sanctae
1361 2523 1474 2598 Mariae

211 2628 308 2696 iuxta
328 2625 446 2697 villam
466 2623 676 2720 Southampt.
696 2634 731 2694 et
750 2626 799 2697 sic
820 2635 1057 2700 consecratum
1080 2625 1206 2720 luisse,
1228 2638 1264 2700 et
1285 2651 1383 2720 esse,
1405 2630 1475 2701 etin

210 2726 334 2800 futuris
355 2729 531 2822 perpetuis
554 2726 764 2821 temporibus
782 2751 962 2802 remanere
986 2729 1133 2823 debere,
1160 2731 1274 2827 palam
1299 2745 1335 2804 61
1355 2732 1475 2830 pubhce

210 2833 493 2926 pronunciamus,
528 2829 744 2905 decernimus
778 2843 812 2904 et
844 2832 1077 2925 declaramus,
1110 2843 1145 2904 61
1175 2856 1239 2929 per
1272 2856 1399 2909 nomen
1426 2834 1476 2906 Ca·

209 2934 324 3030 pellae
347 2933 427 3008 Iesu
453 2937 685 3031 nominamus,
713 2945 747 3006 et
769 2936 1000 3032 appellamus3
1028 2945 1062 3007 et
1090 2938 1140 3008 sic
1166 2943 1346 3034 perpetuis
1370 2939 1474 3012 futuris

210 3038 422 3134 temporibus
449 3037 688 3111 nominandam
712 3048 748 3110 61
777 3039 1013 3135 appellandam
1042 3038 1118 3110 lore
1146 3039 1386 3117 decernimus:
1416 3043 1474 3115 Pri·

209 3141 348 3232 vilegiis
374 3144 516 3238 insuper
544 3142 700 3215 omuibus
731 3150 766 3214 61
799 3142 944 3234 siugulis
975 3146 1010 3214 in
1038 3145 1148 3238 capite
1176 3139 1333 3234 usitatis,
1370 3157 1403 3217 et
1423 3144 1474 3216 Ca·

208 3242 310 3338 pellis
337 3242 380 3316 ab
407 3247 546 3339 antiquo
574 3244 723 3317 fundatis
754 3244 1046 3340 competentibus,
1083 3243 1261 3342 Capellam
1291 3249 1382 3321 hanc
1409 3249 1474 3323 lesu

208 3344 436 3439 praedictam,
459 3348 501 3418 ad
526 3370 660 3420 omnem
681 3347 769 3421 luris
787 3348 946 3421 ellectum
969 3353 1130 3422 munitam
1150 3361 1184 3422 61
1206 3351 1392 3425 stabilitam
1409 3373 1473 3426 esse

208 3447 389 3542 volumus3
426 3460 460 3522 et
490 3462 650 3546 quantum
676 3454 711 3523 in
736 3451 837 3525 nobis
863 3461 936 3543 est,
970 3464 1005 3526 et
1036 3452 1079 3523 de
1108 3450 1188 3525 lure
1218 3454 1338 3528 divino
1368 3478 1474 3554 possu-

207 3572 301 3641 mus,
330 3554 379 3626 sic
401 3556 569 3629 munimus
598 3565 632 3627 61
661 3555 849 3629 stabilimus
876 3577 939 3651 per
967 3566 1187 3651 praesentes3
1213 3556 1362 3654 Absque
1389 3580 1473 3656 prae·

207 3654 333 3727 iudicio
356 3665 470 3729 tamen
493 3658 584 3748 ullo,
614 3668 647 3729 61
670 3659 767 3732 salvo
790 3681 927 3754 semper
950 3657 1028 3730 lure
1053 3669 1087 3730 61
1113 3661 1284 3734 111616556
1304 3660 1473 3738 Ecclesiae

205 3756 413 3852 parochialis
435 3758 584 3834 Sanctae
607 3759 754 3835 Sanctae
774 3761 906 3834 Mariae
926 3766 1020 3834 iuxta
1040 3762 1156 3834 villam
1176 3762 1390 3862 Southampt
1414 3777 1472 3836 tau-

207 3881 308 3953 quam
337 3860 489 3936 Matricis
519 3862 719 3955 Ecclesiae,
747 3876 781 3938 et
810 3867 970 3938 Rectoris
1000 3862 1296 3960 Gvardianorum,
1324 3871 1472 3944 aliorum-

205 3984 273 4056 que
302 3961 536 4040 lllinistrcrum
571 3968 724 4042 eiusdem
755 3993 819 4066 pro
855 3981 1011 4068 tempore
1044 3972 1264 4044 existentium
1300 3970 1353 4067 (ln
1389 3977 1472 4046 cuius

203 4063 373 4140 Parochia
396 4069 484 4143 dicta
504 4069 647 4167 Capella
667 4071 747 4146 lesu
766 4075 903 4145 notorie
925 4077 1007 4160 sita,
1030 4083 1065 4145 et
1086 4077 1210 4147 situata
1231 4074 1301 4171 651)
1321 4080 1358 4148 in
1380 4077 1471 4150 omni·

202 4165 268 4243 hus
292 4181 325 4242 et
348 4173 492 4266 singulis
515 4173 668 4264 decimis,
692 4175 933 4266 oblationibus,
958 4175 1235 4268 obventionibus,
1259 4179 1387 4271 vadiis,
1409 4179 1469 4250 icu-

203 4269 274 4361 dis,
300 4279 495 4369 provicuis,
518 4278 727 4374 privilegiis,
750 4280 881 4354 iuribus
903 4289 937 4353 et
957 4280 1197 4354 emolumentis
1221 4281 1469 4376 quibuscunque

204 4373 384 4450 ordinariis
412 4388 447 4450 et
473 4383 756 4455 extraordinariis
780 4384 910 4455 eisdem
938 4387 1136 4479 respective
1164 4384 1290 4457 debitis
1314 4388 1375 4459 uel
1401 4405 1467 4455 con·

201 4478 323 4565 516115,
345 4500 386 4551 ac
407 4480 495 4556 inira
513 4487 748 4581 praecinctum
769 4506 833 4561 seu
855 4485 978 4561 limites
1000 4485 1164 4583 Capellae
1183 4485 1265 4561 lesu
1284 4489 1466 4587 praedictae
